2132 3652
691 132 716 172 ³
778 173 911 231 nn
947 125 1096 264 ca
1124 172 1164 230 s
1238 173 1334 230 lv,
1588 183 1598 194 ⁴·
1742 171 1855 231 ,ὃς

119 316 351 383 &abacti
370 319 503 374 sunt
545 316 646 391 qui
684 315 965 372 orationes
1004 308 1080 371 ex
1100 317 1214 371 'ore
1241 315 1607 391 temperantis
1634 317 1688 370 se
1707 316 1849 371 fun-

107 401 582 466 dintesmudmnt.
624 406 792 474 atque
818 401 1013 456 eadem
1038 393 1111 456 est
1131 402 1273 458 ratio
1296 397 1584 468 universtae
1611 403 1847 474 potesta-

116 489 221 557 13⁸3
267 491 303 543 fi
327 508 470 544 *cum
500 489 809 563 prudentia
846 497 903 542 et
931 489 1305 561 temperantia
1334 486 1585 542 maxima
1613 487 1847 559 potestas

115 574 178 631 iu
197 573 425 628 homine
457 575 777 642 concurrit,
813 583 936 627 tum
963 574 1155 628 civitas
1186 573 1400 647 optima
1426 574 1687 645 legesque
1710 571 1850 625 tales

116 659 407 728 oriuntur,
445 661 606 716 aliter
644 679 776 715 vero
804 679 1131 732 numquam.
1181 660 1321 714 haec
1358 659 1525 731 igitur
1560 649 1849 727 tamquam

113 744 303 802 fabula
343 747 588 819 expolita
613 765 645 799 a
670 745 830 799 nobis
853 747 1006 799 velut
1033 744 1463 799 vaticinantibus
1488 742 1636 798 dicta
1667 744 1847 807 sunto,
1932 733 1937 742 ’

114 830 479 903 etprobatum
518 832 626 884 esto
666 831 872 904 parlim
914 830 1134 884 difficile
1171 850 1289 885 esse
1315 829 1600 884 civitatem
1625 827 1846 899 legibus

111 914 259 969 bene
295 926 613 990 temperare
645 918 849 991 partim
875 936 1028 985 vern,
1066 917 1332 989 fiquidem
1355 915 1567 969 accidat
1592 914 1746 984 quod
1769 913 1849 967 di·

111 999 316 1067 ximus,
354 1004 609 1057 omnium
636 1004 952 1058 citissimum
990 1002 1267 1073 longeque
1292 999 1643 1056 facillimum.

257 1087 339 1142 CI.
382 1089 726 1161 Quomodo?

256 1171 398 1227 Ath.
428 1173 734 1227 Conemur
755 1174 824 1227 ad
852 1173 1140 1227 civitatem
1165 1173 1500 1244 tuam-leges
1529 1188 1852 1225 accommo-

117 1257 251 1314 dare
281 1277 505 1330 easque,
542 1260 678 1313 ficut
700 1278 941 1332 puerum
963 1261 1138 1323 senes,
1170 1257 1423 1313 oratione
1442 1257 1669 1327 fingere.
1735 1258 1737 1266 ²

265 1344 351 1400 CI.
392 1345 760 1399 procedamus
785 1345 958 1416 igitur
980 1364 1084 1398 nec
1115 1345 1228 1396 iam
1257 1352 1609 1396 cunctemur.

255 1431 392 1486 Am.
433 1432 622 1500 Itaque
663 1432 828 1483 deum
860 1429 928 1482 ad
957 1429 1114 1481 urbis
1138 1427 1587 1481 constitutionem
1615 1426 1850 1482 invoce-

97 1530 256 1580 'mu8‚
295 1500 514 1586 quinos
537 1515 731 1569 audiat
764 1514 1113 1583 audiensque
1135 1513 1417 1585 propitius
1439 1513 1852 1587 benivolusque

113 1598 272 1652 nobis
286 1600 511 1654 accedat
538 1600 1087 1672 civitatisjegumque
1103 1599 1515 1672 dispositionem
1531 1600 1849 1660 adiuturus,

260 1684 342 1738 Cl.
380 1685 623 1739 Accedat
650 1687 796 1738 sane.

256 1769 393 1824 Ath.
434 1770 761 1842 Quamnam
794 1787 929 1823 vero
965 1768 1203 1823 civitatis
1252 1769 1500 1827 formam
1544 1773 1852 1846 cogitamus

119 1853 250 1909 urbi
280 1855 588 1926 assignare?

265 1941 348 1996 cl.
393 1940 546 2014 Quid
578 1938 763 1992 dicere
794 1937 930 1991 velis
964 1956 1185 2010 expone
1227 1939 1397 1995 etiam
1426 1942 1663 2010 clarius,
1698 1943 1855 1998 velut

119 2036 314 2081 utrum
353 2027 684 2099 popularem
722 2023 1009 2077 civitatem
1043 2025 1308 2096 fignifices
1343 2045 1416 2079 an
1435 2045 1748 2100 paucorum
1776 2045 1852 2082 an

0 2162 2 2170 ,
27 2152 31 2160 2
122 2111 456 2184 optimatum
483 2130 553 2164 an
578 2110 723 2179 regis
747 2108 1048 2180 imperium
1063 2134 1080 2176 ,-
1121 2130 1304 2183 neque
1317 2111 1469 2166 enim
1493 2113 1852 2186 tyrannidem

28 2198 38 2229 ’ἕ
123 2199 254 2257 sane
281 2196 442 2263 dicae,
481 2205 543 2248 ut
564 2196 787 2265 quidem
816 2214 915 2247 nos
934 2195 1303 2249 arbitramur.

264 2283 397 2338 Ath.
435 2283 550 2351 Age
575 2283 727 2346 dum,
765 2289 892 2332 uter
918 2281 1162 2356 vestrum
1191 2282 1349 2352 prius
1376 2281 1618 2336 voluerit
1631 2282 1855 2356 respon.

126 2366 275 2435 dere,
312 2368 608 2423 domestica
631 2366 821 2420 civitas
846 2383 1126 2434 quaenam
1148 2366 1216 2421 de
1238 2367 1343 2420 illis
1371 2365 1470 2424 fit?

264 2463 376 2508 Me.
413 2453 558 2507 Num
584 2471 675 2505 me
699 2451 883 2505 fenim
888 2469 977 2503 em
1006 2469 1112 2522 par
1136 2453 1209 2504 est
1235 2451 1392 2525 prius
1412 2452 1642 2508 dicere?

174 2580 181 2587 ,-
269 2538 350 2594 Cl.
393 2538 503 2593 Fm
509 2542 654 2592 taffe-

269 2625 379 2680 Me.
418 2626 492 2681 At
523 2643 658 2676 vero
687 2642 906 2678 mecum
933 2632 1220 2696 ieputans,
1256 2623 1470 2696 hospeS‚
1506 2643 1623 2679 non
1648 2625 1723 2679 fic
1751 2627 1861 2682 sta-

116 2707 235 2761 ¹tim
259 2709 358 2763 tibi
382 2711 593 2782 poss‘um
617 2708 797 2762 dicere
826 2709 1103 2780 quomodo
1130 2708 1634 2765 Lacedaemoniam
1657 2711 1862 2766 civita-

138 2801 253 2845 tem
283 2793 547 2863 appellari
584 2803 872 2866 oporteat3
910 2795 1118 2848 etenim
1153 2796 1441 2867 tyrannidi
1465 2793 1692 2851 videtur
1716 2795 1861 2851 mihi

139 2875 322 2930 similis
358 2881 491 2942 effe3
531 2879 871 2950 ephororum
894 2880 1045 2935 enim
1070 2882 1305 2953 potestas
1318 2875 1535 2935 'mirum
1564 2900 1733 2953 quam
1761 2891 1862 2952 ty-·v
1928 2925 1931 2929 ,

140 2960 381 3026 rannica.
405 2961 466 3014 in
504 2980 567 3015 ea
603 2964 819 3019 exstitit.
874 2984 1210 3038 quamquam
1244 2984 1677 3036 nonnumquam
1716 2964 1860 3018 mihi

140 3046 367 3101 videtur
388 3045 645 3101 omnium.
664 3048 951 3117 civitatum
972 3051 1222 3109 maxime
1245 3053 1510 3125 populari
1535 3049 1725 3103 fimitis
1740 3053 1864 3105 effe.

141 3149 348 3202 negare
376 3148 514 3183 vero
542 3139 732 3186 contra
765 3151 887 3188 eam
918 3137 1250 3207 optimatum
1276 3141 1379 3191 esse
1402 3135 1863 3208 gubernationem

143 3217 307 3296 plane
330 3215 647 3273 absurdum.
695 3225 864 3292 atque
895 3219 1058 3282 etiam
1081 3238 1319 3300 regnum
1343 3220 1405 3274 in
1433 3238 1498 3274 ea
1520 3230 1864 3302 perpetuum
