2124 3672
781 176 1278 254 Lssesss1.
1826 219 1893 276 η

164 342 449 420 victoriam
471 340 673 415 adepta
704 357 902 419 pacem
931 359 963 395 e
983 339 1251 395 seditione
1277 339 1414 396 oriri
1441 340 1709 397 maluerit
1735 346 1891 414 quis-

140 444 353 501 quam,
389 447 459 482 an
495 427 793 481 amicitiam
819 435 876 480 et
899 443 1100 499 pacem
1131 426 1584 481 reconciliatione
1604 432 1886 500 componi,

159 524 256 582 ut,
304 513 453 586 quod
496 515 705 568 neceffe
728 513 829 579 est,
862 510 1015 566 cives
1051 510 1119 564 ad
1150 520 1414 567 externos
1432 510 1610 567 hostes
1634 512 1888 571 animum

160 599 496 656 intendant?

307 713 388 769 Cl.
426 714 550 767 Hoc
567 711 800 785 quilibet
815 706 1060 766 voluerit
1083 709 1269 783 potius
1298 730 1468 784 quam
1490 709 1628 769 illud
1655 712 1716 769 in
1739 715 1890 772 civi-

159 811 269 856 tate
297 804 395 855 sua
417 800 555 855 fieri.
1746 807 1749 811 ’

300 916 432 971 ΑιΙι.
469 914 674 969 Nonne
697 911 866 966 etiam
890 911 1026 982 legis
1052 868 1199 964 lator
1218 907 1411 963 idem?

300 1030 385 1084 cl.
423 1026 681 1104 Quidni?

297 1143 435 1201 Ath.
470 1144 587 1197 Iam
612 1134 747 1195 vero
771 1156 957 1192 nonne
981 1134 1179 1212 optimi
1205 1137 1365 1190 causa
1386 1155 1580 1193 omnes
1601 1137 1888 1212 qu'is‘cone

155 1231 338 1286 stituet
360 1232 503 1298 leges
518 1227 546 1281 ¹?

299 1342 380 1399 CI.
417 1342 536 1397 Cur
559 1360 674 1395 non
702 1339 996 1395 constituet
1012 1335 1042 1391 ‘3

294 1455 434 1514 Ath.
484 1454 562 1511 At
605 1455 881 1528 optimum
919 1473 1104 1526 neque
1142 1454 1351 1510 bellum
1385 1454 1459 1507 est
1486 1471 1669 1526 neque
1693 1452 1887 1511 seditio

155 1541 624 1619 (abominandum
648 1539 799 1592 enim
822 1540 888 1595 iis
908 1540 1203 1612 indigere),
1228 1540 1320 1593 sed
1346 1558 1462 1613 pax
1477 1551 1678 1594 mutua
1702 1543 1888 1607 simul·-

155 1649 264 1702 que
288 1625 678 1683 benivolentia.
740 1637 907 1697 atque
945 1625 1142 1691 etiam,
1180 1629 1216 1679 fi
1254 1626 1442 1695 civitas
1476 1626 1670 1698 seipsa
1691 1627 1899 1694 vincit„

152 1716 230 1780 id,
250 1724 316 1768 ut
340 1713 532 1785 liquet,
555 1730 672 1764 non
702 1712 1051 1784 optimorum
1081 1714 1170 1779 est,
1200 1711 1291 1764 sed
1312 1709 1772 1778 necess‘ariQr-um3
1809 1711 1886 1764 fi-

152 1799 362 1855 militer
388 1797 540 1852 enim
562 1798 599 1850 fi
622 1795 744 1868 quis
761 1815 960 1871 corpus
987 1808 1281 1869 aegrotans
1294 1806 1349 1849 et
1371 1795 1647 1850 medicam
1674 1809 1889 1869 purga-

153 1884 362 1938 tionem
388 1893 619 1938 nactum
642 1882 917 1936 existimet
945 1885 1155 1954 optime
1176 1894 1298 1937 tum
1323 1882 1378 1933 se
1404 1879 1631 1949 habere,
1657 1881 1726 1935 ad
1757 1900 1887 1937 cor..

153 1986 261 2042 pus
283 1977 479 2022 contra
504 1987 571 2021 ea
593 1986 666 2020 ne
690 1967 945 2036 indigens
975 1968 1203 2038 quidem
1233 1964 1465 2019 omnino
1487 1965 1743 2019 animum
1763 1985 1889 2023 >non

153 2052 436 2115 attendat,
474 2051 553 2105 ita
586 2051 754 2104 etiam
788 2052 825 2103 fi
852 2052 974 2122 quis
1004 2052 1073 2104 de
1095 2048 1251 2104 urbis
1277 2050 1365 2103 vel
1392 2046 1597 2120 privati
1620 2048 1888 2107 felicitate

150 2136 353 2191 sentiat
383 2152 697 2205 numquam
728 2153 859 2187 vere
902 2127 1075 2190 civili-s
1109 2139 1352 2202 exsistat,
1395 2133 1465 2185 ad
1502 2144 1765 2190 externas
1798 2156 1890 2192 rea

150 2219 423 2275 militares
449 2227 673 2273 tantum
702 2228 758 2271 et
782 2218 1041 2290 primum
1064 2221 1314 2292 spectans
1330 2256 1346 2282 ,
1383 2235 1569 2287 neque
1590 2219 1731 2291 legia
1742 2221 1888 2281 lator

153 2315 389 2360 exactus
405 2346 420 2370 ‚
468 2305 567 2358 nifi
591 2304 738 2378 pacis
763 2305 924 2357 causa
947 2323 1038 2358 res
1066 2304 1334 2358 militares
1352 2301 1567 2374 legibus
1595 2306 1888 2373 constituat

151 2391 356 2463 potine,
377 2407 542 2461 quam
561 2408 757 2445 rerum
778 2388 1110 2445 militarium
1139 2391 1298 2446 causa
1324 2406 1412 2442 res
1435 2387 1503 2442 ad
1527 2396 1730 2460 pacem
1740 2396 1889 2464 ‘per-

151 2476 412 2531 tinentes.

299 2602 383 2660 Cl.
419 2603 657 2660 Videtur
688 2601 912 2675 quidem
946 2602 1087 2673 hoc,
1136 2624 1170 2657 o
1212 2599 1408 2675 hospes
1421 2642 1442 2668 ,
1491 2581 1893 2674 reetefdic'tuni

156 2690 278 2750 effe,
314 2688 524 2744 mirum
551 2700 737 2743 tamen
760 2691 820 2743 ni
846 2690 994 2761 leges
1016 2691 1231 2744 nostrae
1247 2700 1301 2743 et
1329 2696 1622 2761 praeterea
1642 2688 1892 2764 ¹Sparta-

153 2792 264 2829 nae
286 2793 452 2829 omne
475 2775 713 2829 studium
738 2774 807 2829 ad
829 2773 972 2829 illud
998 2776 1372 2830 contulerunt.
1644 2766 1646 2770 ’

228 2900 231 2902 ’
295 2902 434 2960 ΑιΙι.
470 2903 711 2958 Fortaffe
732 2921 898 2965 vero;
928 2901 1196 2957 debemus
1222 2909 1410 2957 autem
1432 2917 1584 2957 nunc
1606 2922 1719 2959 non
1735 2924 1890 2961 acer-

158 2983 229 3037 be
262 2983 382 3039 illos
412 3005 766 3061 oppugnare,
803 2988 895 3041 sed
922 2988 1127 3042 leniter
1149 2988 1518 3056 interrogare,
1557 3007 1732 3060 quum
1761 3010 1892 3047 ma·-

157 3069 318 3122 xime
338 3067 423 3123 hia
448 3073 613 3126 rebus
637 3083 691 3127 et
726 3093 827 3128 nos
853 3083 909 3127 et
942 3074 1022 3127 illi
1052 3074 1383 3129 studeamus.
1458 3073 1650 3145 itaque
1672 3075 1892 3131 sermo-

157 3171 289 3226 nem
321 3172 510 3208 meum
542 3157 856 3227 sequimini.
940 3177 1325 3232 proponamus
1358 3158 1508 3211 enim
1548 3159 1887 3229 Tyrtaeum,

159 3237 462 3292 oriundum
487 3239 557 3293 ab
589 3241 839 3311 Athenis,
862 3243 1072 3298 horum
1100 3255 1291 3298 autem
1323 3244 1503 3298 civem
1532 3240 1762 3311 factum,
1791 3245 1888 3314 qui

159 3323 410 3378 omnium
448 3324 695 3378 maxime
731 3324 819 3379 hia
855 3327 1059 3383 studuit
1093 3321 1307 3384 dic'enst
1348 3346 1527 3400 neque
1551 3346 1887 3382 commemo-

239 3410 394 3465 Tom.
448 3410 545 3463 VI.
1494 3414 1537 3463 Β
