2124 3672
821 176 1320 234 LEGES1.
1847 170 1934 235 '25

205 327 331 378 sunt
361 323 506 394 leges
545 321 871 395 Lycurgum
911 329 967 375 et
1003 319 1251 374 Minoem
1281 316 1488 372 bellum
1520 318 1772 374 maxime
1797 323 1932 397 spe-

203 418 415 464 ctantes
440 407 654 463 dedisse.
1991 396 1997 401 ’

346 493 430 549 Gl.
476 493 550 549 At
572 492 853 565 quomodo
877 489 1171 565 oportebat
1198 509 1299 544 nos
1332 489 1559 543 dicere?

342 580 480 634 Ath.
520 580 601 634 Ita
628 589 687 633 ut
711 597 925 642 verum,
955 565 1220 639 arbitror',
1247 585 1301 628 et
1324 574 1522 628 iustum
1553 577 1625 648 est
1650 575 1834 631 dicere
1862 578 1935 631 de

203 665 392 721 divina
411 665 640 719 civitate
664 667 700 718 fi
726 663 1031 731 disseritur,
1050 682 1164 716 non
1185 660 1405 715 virtutis
1433 669 1650 733 partem
1666 662 1931 731 aliquam,

202 769 439 822 eamque
482 749 828 813 vilissimam,
882 769 1012 802 eum
1058 750 1398 822 spectantem
1428 746 1576 817 leges
1614 747 1817 802 dedisse
1839 748 1933 801 sed

206 838 525 892 universam
554 836 836 899 virtutem,
862 844 915 887 et
937 834 1245 888 secundum
1269 831 1476 904 species
1505 834 1831 904 excogitasse
1849 833 1934 890 le-

200 943 315 997 ges,
351 941 467 977 non
493 940 583 975 eas
613 940 749 992 quas
775 921 870 992 qui
898 940 1049 974 nunc
1075 921 1202 972 sunt
1215 920 1349 992 legis
1369 921 1576 973 latores
1605 927 1936 990 proponunt

202 1020 256 1063 et
282 1007 630 1079 excogitant;
672 1026 782 1079 quo
805 1006 953 1058 enim
981 1004 1217 1075 quisque
1240 1004 1533 1075 indiget‚id
1549 1003 1769 1075 quaerit
1784 1021 1936 1057 nunc

202 1113 558 1169 pipponem,
598 1110 740 1144 unus
766 1089 1102 1143 hereditates
1138 1108 1341 1162 resque
1366 1090 1435 1143 ad
1467 1089 1703 1143 heredes
1726 1107 1801 1142 ex
1827 1092 1937 1142 asse

203 1182 534 1252 spectante-³,
573 1176 712 1228 alter
745 1174 1041 1240 iniuriam,
1089 1174 1183 1228 alii
1210 1177 1317 1229 alia
1346 1175 1644 1247 innumera
1682 1173 1934 1228 eiusdem

200 1263 437 1333 generis·
512 1279 616 1314 nos
642 1269 828 1312 autem
854 1258 1087 1314 dicimus
1109 1262 1480 1331 quaestionem
1514 1280 1660 1333 quae
1691 1260 1762 1315 de
1788 1259 1935 1331 legi-

205 1349 310 1401 bus
344 1346 623 1401 habeatur
658 1349 761 1401 effe
809 1345 952 1397 bene
982 1347 1401 1417 quaerentium,
1452 1345 1933 1420 quemadmodum

200 1453 355 1488 nunc
379 1452 478 1487 nos
502 1432 828 1504 incepimus,
885 1442 941 1485 et
971 1441 1130 1486 tuam
1174 1434 1401 1505 quidem
1430 1435 1613 1504 legum
1642 1431 1936 1504 explican-

202 1520 400 1574 darum
433 1518 810 1593 inceptionem
835 1519 1062 1590 prorsus
1084 1519 1265 1591 probo
1283 1523 1441 1589 (nam
1466 1540 1500 1574 a
1528 1519 1737 1573 virtute
1759 1514 1934 1569 ordiri

203 1606 280 1659 ita
314 1613 379 1657 ut
419 1602 568 1657 dicas
604 1603 771 1657 huius
811 1605 975 1658 causa
1021 1623 1145 1659 eum
1190 1607 1336 1678 leges
1372 1606 1603 1670 dedisse,
1647 1602 1931 1666 rectum),

202 1689 351 1761 quod
380 1707 517 1742 vero
534 1689 723 1743 omnia
751 1707 880 1743 eum
907 1689 1090 1743 dixisti
1116 1690 1185 1743 ad
1214 1701 1431 1763 partem
1456 1688 1934 1757 virtutissseamque
1957 1726 1962 1736 .

148 1782 155 1801 ¹
203 1773 498 1828 minimam
537 1774 877 1828 referentem
923 1775 1072 1845 leges
1111 1777 1370 1849 scripfiffe
1416 1776 1523 1829 hoc
1557 1793 1761 1846 neque:
1781 1775 1935 1825 recte

203 1860 317 1912 iam
344 1858 481 1913 mihi
510 1859 654 1912 visus
683 1878 741 1912 es
766 1878 975 1932 ponere
996 1870 1049 1913 et
1074 1863 1435 1933 posteriorem
1449 1879 1601 1915 nunc
1617 1857 1934 1915 orationem

207 1944 352 1996 hanc
375 1962 601 1996 omnem
635 1945 847 2015 protuli
871 1944 1015 1996 hanc
1041 1946 1213 2016 ipsam
1241 1948 1311 1999 ob
1336 1947 1573 2000 causam.
1647 1940 1936 2013 quomodo

205 2027 374 2097 igitur
396 2046 428 2080 a
456 2036 512 2079 te
539 2047 710 2097 porro
732 2028 874 2081 hanc
897 2047 1017 2081 rem
1044 2033 1344 2102 expositam
1376 2029 1548 2084 velim
1570 2029 1937 2101 ipseque-au-

206 2112 329 2165 dire
353 2112 596 2183 cupiam,
635 2133 708 2167 an
736 2114 818 2166 vis
847 2112 943 2164 tibi
970 2114 1148 2168 dicam
1169 2117 1195 2167 ’ἰ
1888 2131 1889 2136 ’

348 2195 428 2251 Cl.
467 2197 615 2251 Sane
644 2198 868 2268 quidem
886 2238 899 2260 ,
939 2214 973 2248 ο
998 2198 1208 2268 hospes,

346 2284 482 2337 Am.
523 2282 833 2354 Oportebat
867 2281 1006 2334 dici:
1061 2282 1293 2338 Cretum
1329 2285 1474 2356 leges
1499 2301 1613 2337 non
1635 2282 1747 2335 fine
1775 2281 1937 2335 causa

204 2370 516 2423 maximam
547 2368 696 2443 apud
726 2387 921 2421 omnes
949 2369 1192 2423 Graecos
1218 2369 1596 2424 celebritatem
1624 2369 1937 2438 consequu-

206 2466 294 2509 tae
318 2455 479 2519 sunt3
515 2462 664 2507 recte
682 2454 832 2507 enim
859 2453 1065 2507 habent
1090 2473 1181 2509 eos
1206 2455 1304 2527 qui
1330 2453 1452 2528 ipsis
1478 2465 1720 2509 utuntur
1741 2453 1936 2508 felices

206 2539 532 2606 efficiente33
571 2539 762 2593 omnia
800 2539 950 2593 enim
989 2540 1136 2594 bona
1158 2540 1533 2614 suppeditant.
1591 2538 1798 2594 etenim
1823 2538 1934 2592 duo

208 2626 486 2679 bonorum
513 2642 720 2695 genera
743 2626 888 2686 sunt,
924 2627 1304 2682 humanorum
1343 2645 1541 2694 unum,
1576 2624 1818 2680 alterum
1842 2623 1934 2678 di-

210 2712 509 2775 vinorum3
545 2709 789 2784 pendent
813 2722 1001 2765 autem
1025 2732 1054 2766 e
1079 2713 1288 2771 divinis
1314 2715 1521 2780 altera3
1560 2725 1614 2767 et
1636 2714 1671 2766 fi
1694 2730 1838 2783 quae
1854 2710 1932 2763 ci—

211 2797 355 2850 vitas
390 2796 606 2850 maiora
641 2795 866 2867 accipit,
906 2798 1132 2869 possidet
1155 2800 1324 2853 etiam
1350 2798 1586 2865 minora,
1623 2801 1700 2852 fin
1726 2799 1935 2863 minue,

197 2889 360 2933 <caret
386 2879 644 2951 utrisque.
706 2884 827 2936 sunt
850 2893 1036 2937 autem
1063 2883 1287 2939 minora
1313 2902 1379 2937 ea
1401 2885 1457 2938 in
1486 2884 1688 2955 quibus
1718 2882 1936 2954 princi-

218 2974 408 3036 patum
443 2975 600 3020 tenet
631 2967 848 3033 sanitas,
886 2969 1245 3041 pulchritudo
1280 2969 1582 3024 secundum
1619 2971 1806 3024 locum
1832 2967 1935 3022 ob-

225 3048 382 3108 tinet.
420 3051 644 3109 tertium
663 3052 838 3108 robur
863 3055 931 3107 ad
966 3057 1189 3111 cursum
1215 3056 1564 3128 reliquasque
1588 3073 1784 3109 omnes
1803 3072 1936 3108 cor-

222 3133 372 3202 poris
399 3134 671 3189 motiones
694 3137 990 3203 obeunda3‚
1015 3151 1067 3194 et
1089 3152 1352 3214 quartum
1386 3141 1634 3207 divitiae,
1671 3159 1789 3194 non·
1811 3158 1938 3194 cae-
1998 3211 2004 3213 p

222 3236 337 3283 cae,
372 3217 460 3270 sed
497 3222 695 3276 acriter
732 3224 1006 3293 videntes,
1046 3227 1308 3298 fiquidem
1335 3245 1458 3282 cum
1481 3227 1782 3303 prudentia
1799 3243 1939 3299 con-

230 3304 451 3358 iunctae
490 3305 647 3375 sunt3
700 3325 840 3377 quac
874 3311 1097 3381 quidem
1139 3314 1198 3367 in
1232 3314 1390 3368 bonis
1425 3313 1627 3368 divinis
1651 3310 1939 3385 principa-
