2176 3672
716 195 762 254 L
799 196 846 254 E
882 194 935 250 G
958 195 1020 250 E
1056 192 1097 249 S
1168 193 1264 249 m.
1753 197 1848 255 141

279 338 363 396 CL
400 337 702 415 Quomodo
729 339 845 397 ais?
1757 324 1765 336 ⁶
1869 311 1874 317 Ι

274 452 411 510 Ath.
450 452 568 524 Age
597 471 668 506 ex
694 471 804 525 quo
830 450 1082 505 civitates
1110 449 1589 523 finthomin‘esque
1613 468 1733 504 rem
1756 468 1859 523 pu-

134 538 335 594 blicam
363 538 806 593 administrantes
821 546 1056 612 putasne
1074 554 1345 607 umquam
1366 545 1420 589 te
1434 538 1858 610 perspecturum

136 628 242 679 effe
263 642 428 696 quam
457 626 685 695 longum
714 623 1065 697 praeterierit
1093 622 1359 696 temporis
1384 622 1666 697 spatium?

274 750 354 808 CI.
391 750 628 806 Minime
650 751 703 804 id
738 750 962 825 quidem
994 750 1177 805 facile.

236 955 240 958 ᾖ
271 876 411 933 ΑιῘι.
448 880 568 932 Hoc
593 888 800 947 autem,
832 877 1119 933 infinitum
1144 886 1200 932 et
1214 876 1550 932 immensum
1575 878 1856 949 quoddam

129 961 303 1018 fuiss'e.

275 1075 357 1133 CI.
393 1076 540 1135 Sane
565 1078 671 1133 hoc
694 1078 940 1151 quidem.

270 1193 405 1247 Aeh.
443 1195 637 1249 Nonne
661 1189 1093 1247 innumerabiles
1115 1189 1277 1244 nobis
1298 1190 1627 1244 exstiterunt
1656 1187 1860 1262 civita-

130 1286 211 1330 tes
239 1295 338 1348 per
363 1279 467 1331 hoc
494 1287 732 1350 tempu8‚
773 1286 827 1328 et
849 1278 1147 1329 secundum
1175 1277 1409 1329 eandem
1435 1276 1726 1329 infinitatis
1761 1295 1861 1330 ra-

130 1362 340 1415 tionem
368 1381 477 1414 non
504 1361 792 1434 pauciores
812 1361 1121 1435 perierunt,
1137 1381 1330 1415 omnes
1354 1364 1747 1428 saepenumero
1770 1359 1856 1413 rei

125 1447 386 1519 publicae
412 1447 616 1500 formas
644 1457 925 1518 expertae,
965 1457 1024 1499 et
1039 1447 1577 1501 modoeminoribus
1598 1446 1858 1512 maioreS,

125 1531 295 1585 modo
333 1552 364 1586 e
398 1531 700 1586 maioribus
733 1530 1011 1595 minore3,
1048 1541 1103 1584 et
1135 1531 1445 1586 deteriores
1479 1531 1857 1587 emelioribus

124 1617 490 1688 melioresque
516 1636 547 1670 e
574 1615 943 1670 deterioribus
967 1615 1147 1670 factae
1169 1616 1342 1672 sunt?

268 1729 349 1784 Cl.
386 1730 435 1785 N
439 1730 693 1785 eceffariu
704 1749 758 1783 m
785 1729 874 1782 est.

265 1842 616 1900 Ath.'Huius
651 1843 851 1914 igitur,
890 1842 926 1894 fi
955 1842 1239 1912 pommus,
1275 1843 1608 1899 mutationis*
1630 1845 1855 1901 causam

21 1941 26 1946 ·
122 1927 530 2001 percipiamu33
560 1927 782 1981 forsitan
798 1927 943 1981 enim
961 1926 1255 2000 patefaciat
1267 1928 1427 1982 nobis
1449 1930 1691 2002 primam
1717 1928 1853 1983 civi-

40 2014 44 2017 *
124 2022 303 2066 tatum
330 2012 600 2084 originem
626 2023 682 2067 et
708 2014 1141 2068 conversionem.

265 2126 346 2180 cl.
381 2126 533 2179 Bene
557 2125 709 2188 dicis,
739 2135 793 2179 et
821 2136 1145 2199 promptum
1171 2137 1393 2199 oportet
1420 2135 1474 2180 te
1496 2127 1727 2197 quidem
1748 2131 1855 2181 effe

26 2208 29 2211 ⁴
123 2210 194 2264 ad
235 2209 631 2264 declarandum
671 2210 808 2282 quid
847 2211 917 2264 de
950 2210 1062 2266 illis
1098 2213 1326 2279 sentias,
1365 2232 1470 2267 nos
1507 2231 1643 2267 vero
1668 2214 1737 2266 ad
1765 2214 1857 2266 se-

60 2288 61 2291 *
119 2295 428 2368 quendum.

263 2407 397 2468 Ath.
447 2409 602 2465 Num
639 2408 810 2482 igitur
843 2409 999 2463 vobis
1020 2419 1235 2465 veteres
1258 2409 1608 2466 narrationes
1634 2409 1851 2475 verita-

123 2501 237 2549 tem
261 2494 466 2550 habere
487 2496 727 2568 aliquam
749 2494 1055 2550 videntur?

266 2607 349 2667 cl.
386 2609 592 2684 Quales
620 2608 787 2664 istae?

271 2722 398 2778 Ath.
447 2724 655 2779 Multos
684 2721 977 2777 hominum
1016 2720 1270 2778 interitus
1296 2721 1547 2779 acoidiffe
1572 2723 1850 2779 eluvioni-

128 2804 233 2859 buu
259 2816 316 2858 et
337 2808 546 2862 morbis
568 2818 624 2862 et
645 2810 762 2863 aliis
794 2808 1009 2874 multiS,
1048 2808 1108 2862 in
1133 2809 1336 2879 quibus
1369 2810 1642 2881 exiguum
1671 2809 1848 2882 quod·

131 2888 260 2944 dam
282 2890 576 2947 hominum
602 2895 860 2949 relictum
885 2892 1057 2948 fuerit
1077 2911 1272 2964 genus.

279 3001 362 3056 Cl-
398 3002 542 3059 Sane
567 3006 786 3078 quidem
813 3006 1098 3079 probabile
1131 3009 1241 3063 hoc
1265 3028 1434 3063 omne
1459 3007 1736 3063 omnibus.

263 3114 384 3170 ath.
422 3117 701 3186 Agedum,
737 3119 1044 3191 cogitemus
1080 3142 1258 3179 unum
1304 3141 1373 3177 ex
1396 3122 1584 3176 multis
1605 3121 1713 3177 illis
1750 3117 1845 3192 qui

129 3199 385 3257 eluvione
409 3200 540 3255 olim
565 3200 837 3257 acciderit.

270 3312 355 3368 Cl-
394 3313 685 3387 Quidnam
707 3310 766 3367 in
792 3331 859 3369 eo
884 3319 1324 3378 confideranten?
