2124 3672
750 127 1242 225 Lssosssx.
1765 127 1945 228 ’π’

141 314 235 368 sed
257 310 514 366 sancit-ut
537 329 651 365 una
677 328 820 365 voce
841 327 1075 382 ,unoque
1091 327 1188 366 ore
1212 326 1404 363 ornnes
1428 308 1724 364 concinant
1747 329 1866 367 om·

139 395 542 468 niapraeclare
565 397 858 451 constituta
882 400 986 451 effe
1012 395 1219 468 quippe
1243 394 1346 449 diis
1367 394 1711 462 auctoribu8‚
1750 407 1805 450 et
1827 397 1863 452 fi

139 479 263 553 quis
284 481 448 535 aliter
475 481 641 548 dicat,
670 482 829 536 nullo
853 482 1020 535 modo
1045 480 1330 535 audientes
1354 479 1411 534 id
1432 479 1637 549 ferant3
1674 481 1755 534 sm
1770 501 1865 546 au..

136 575 251 620 tem
275 567 440 619 senex
472 567 745 638 quispiam
774 567 843 619 de
870 566 1052 637 aliqua
1080 565 1264 635 legum
1296 567 1598 619 vestrarum
1625 565 1868 620 medite-

136 660 231 704 tur
254 670 489 723 eamque
522 653 809 705 aestimare
833 651 969 703 velit
1002 651 1149 722 apud
1175 651 1551 720 magistratum
1575 660 1870 724 etaequa-

135 737 248 791 lem
276 738 432 790 nullo
460 736 678 789 iuniore
701 738 993 808 praesente
1019 737 1151 790 talia
1177 736 1457 807 loquatur.

283 822 364 878 Cl.
400 821 715 877 Rectisfime
739 842 892 887 vere,
936 841 968 874 o
997 821 1214 892 hospes,
1254 820 1405 881 dicis,
1432 830 1505 887 et,
1531 822 1684 876 velut
1709 833 1873 879 vates<

134 908 260 963 licet
283 907 529 962 abfueris
557 926 586 959 a
613 907 946 977 cogitatione
978 907 1094 957 eius
1127 903 1219 974 qui
1248 914 1382 957 tunc
1407 905 1555 976 leges
1595 908 1864 971 condidit,

134 1012 288 1047 nunc
312 993 485 1065 probe
511 991 649 1044 mihi
667 991 872 1044 videris
894 1010 1015 1043 eam
1035 989 1357 1042 coniectura
1372 991 1744 1062 consequutus
1761 998 1866 1049 effe

133 1080 471 1151 prorsusque
502 1097 637 1132 vera
657 1077 861 1149 dicere.
1652 1138 1655 1142 Ι

278 1166 409 1218 ΑιΙι.
445 1162 647 1216 Nonne
672 1160 843 1229 igitur
880 1156 1042 1212 nobis
1080 1178 1232 1212 nunc
1255 1159 1492 1215 solitudo
1518 1163 1589 1216 est
1612 1183 1644 1217 a
1673 1162 1868 1221 iunio-

133 1246 321 1310 ribus,
368 1247 600 1319 ipfisque
636 1255 867 1317 propter
903 1253 1244 1298 senectutem
1280 1266 1313 1300 a
1351 1246 1487 1317 legis
1515 1246 1903 1321 latore'per-“

131 1332 353 1387 miffum
398 1341 463 1385 ut
505 1330 645 1385 nihil
667 1339 955 1400 peccantes
989 1331 1059 1385 de
1086 1328 1170 1383 his
1193 1331 1322 1404 ipfis
1351 1332 1448 1385 soli
1475 1330 1545 1405 ad
1572 1334 1715 1388 solos
1745 1334 1866 1389 dis-

129 1418 419 1473 seramus?

276 1504 359 1559 Ct.
386 1502 528 1568 Sunt
549 1502 675 1570 ista3
703 1510 1045 1575 quapropter
1059 1502 1204 1557 nihil
1226 1502 1636 1575 remittasleges
1656 1507 1863 1561 nostras

130 1590 495 1663 vituperans;
533 1606 718 1659 neque
746 1588 893 1641 enim
912 1598 1078 1662 turpe
1102 1590 1175 1642 est
1196 1590 1523 1660 cognoscere
1544 1590 1582 1643 fi
1598 1591 1730 1662 quid
1744 1610 1863 1646 non

130 1677 204 1730 est
230 1676 558 1749 pulchrum,
588 1677 675 1730 sed
704 1673 1023 1728 remedium
1045 1673 1175 1728 inde
1201 1675 1445 1729 nascitur
1469 1675 1565 1745 qui
1593 1695 1861 1732 noricum

130 1761 366 1824 invidia,
405 1761 499 1815 sed
526 1780 656 1815 curn
681 1759 1055 1813 benivolentia
1082 1760 1283 1833 accipit
1308 1780 1452 1831 quae
1481 1760 1764 1817 dicuntur.

272 1845 401 1902 Ath.
439 1848 723 1901 Praeclare
733 1865 751 1911 3
793 1862 977 1914 neque
1004 1855 1194 1898 tamen
1217 1847 1538 1919 vituperans
1560 1848 1711 1919 leges
1729 1867 1863 1903 ver-

129 1931 202 1986 ba
230 1930 481 1985 facturus
525 1933 668 1994 sum,
710 1940 1008 1998 antequam
1038 1949 1143 2001 pro
1172 1930 1379 1983 viribus
1404 1930 1567 1984 firme
1594 1933 1863 2005 explorff-

129 2017 332 2083 verim,
370 2016 461 2069 sed
503 2016 689 2088 potius
716 2013 992 2067 dubitanS.
1066 2013 1227 2065 vobis
1268 2014 1416 2067 enim
1445 2015 1579 2086 legis
1609 2016 1749 2070 lator
1769 2019 1865 2072 so-

128 2103 196 2157 lis
236 2120 267 2154 e
302 2101 529 2155 Graecis
576 2111 631 2153 et
666 2098 913 2151 barbaris
957 2116 1095 2168 quos
1132 2097 1392 2151 novimus
1426 2101 1770 2173 praescripsit
1798 2111 1862 2157 ut

127 2185 397 2241 maximis
424 2184 811 2257 voluptatibus
841 2193 895 2236 et
922 2183 1067 2236 ludis
1090 2181 1440 2235 abstineretis
1462 2202 1565 2236 nec
1591 2203 1656 2238 ea
1675 2188 1861 2255 gusta-

128 2272 279 2339 retis,
317 2271 386 2326 de
412 2268 697 2323 doloribus
724 2288 859 2321 vero
888 2276 944 2320 et
972 2267 1290 2331 timoribus,
1331 2266 1480 2337 quod
1507 2268 1675 2323 modo
1692 2258 1861 2344 expo-⁷

127 2358 351 2419 suimuS,
397 2353 699 2409 arbitratus
734 2356 807 2408 est
831 2353 951 2407 fore
975 2362 1063 2417 ut,
1101 2353 1136 2404 fi
1171 2349 1293 2421 quis
1317 2371 1350 2404 a
1373 2370 1552 2424 puero
1583 2373 1677 2408 eos
1702 2355 1860 2427 iuge.

129 2454 219 2498 ret
240 2451 536 2515 perpetim,
565 2439 785 2514 quando
812 2439 870 2493 in
901 2436 1220 2491 necessarios
1246 2437 1516 2492 incidiffet
1539 2439 1773 2508 laboreS‚
1803 2452 1859 2496 et

129 2529 358 2583 timores
373 2534 428 2580 et
448 2526 681 2592 dolore8‚
700 2524 922 2595 fugeret
942 2543 1034 2577 eos
1050 2523 1149 2593 qui
1170 2521 1229 2575 in
1254 2523 1362 2576 illis
1380 2525 1668 2578 exercitati
1686 2531 1860 2582 essent

131 2614 321 2685 eisque
348 2610 598 2667 serviret.
634 2611 785 2664 idem
807 2610 978 2681 igitur
1002 2608 1126 2672 hoc,
1155 2608 1374 2680 opinor,
1399 2610 1567 2663 etiam
1591 2610 1662 2662 de
1685 2612 1859 2666 volu-

130 2697 374 2770 ptatibus
402 2696 695 2769 oportebat
719 2696 963 2768 cogitare
990 2693 1232 2748 eundem
1258 2693 1392 2765 legis
1418 2695 1676 2761 latorem,
1715 2695 1857 2750 adse

131 2782 313 2855 ipsum
345 2782 697 2854 loquentem:
746 2784 783 2835 fi
813 2780 969 2836 nobis
993 2800 1023 2833 a
1047 2779 1235 2853 pueris
1261 2779 1512 2853 imperiti
1538 2789 1706 2834 erunt
1730 2800 1859 2836 ma·-

133 2866 795 2939 ximarumrvoluptatum
833 2865 979 2919 cives
1011 2883 1114 2917 nec
1146 2864 1429 2919 exercitati
1456 2865 1513 2919 in
1542 2865 1859 2938 voluptati-⁴5

133 2950 236 3002 bus
260 2956 566 3021 temperate
595 2950 981 3025 percipiendis),
1019 2960 1082 3004 ut
1114 2950 1253 3005 nihil
1282 2961 1444 3022 turpe
1469 2960 1739 3021 cogantur
1765 2950 1858 3005 fa-·

136 3052 292 3099 cere,
329 3043 561 3105 propter
583 3037 806 3090 mollem
831 3036 899 3090 ad
926 3035 1236 3107 voluptates
1260 3033 1680 3088 inclinationem
1707 3035 1857 3092 idem

135 3120 215 3173 eis
241 3117 468 3182 accidet,
484 3119 630 3188 quod
645 3121 719 3174 eis
741 3121 837 3192 qui
857 3121 1152 3175 timoribus
1178 3120 1578 3175 succumbunt:
1615 3121 1858 3176 servient

135 3204 238 3259 alia
268 3201 485 3256 ratione
509 3211 563 3255 et
591 3221 656 3257 ea
681 3205 904 3275 quidem
928 3206 1091 3261 etiam
1115 3206 1366 3281 turpiore
1385 3206 1463 3260 eis
1489 3204 1584 3278 qui
1606 3205 1665 3259 in
1689 3208 1857 3261 volu·-

132 3289 380 3363 ptatibua
415 3286 509 3341 fibi
542 3296 856 3361 temperare
888 3301 1154 3365 poterunt
1183 3309 1488 3365 earumque
1515 3290 1772 3347 dominos
1797 3292 1852 3343 se

212 3378 366 3434 Tom.
414 3373 514 3429 VI.
1471 3376 1515 3428 C
