2132 3652
709 190 1093 249 LEGES
1163 193 1262 249 111.
1363 187 1368 190 “
1752 189 1853 254 ²⁴7

125 332 260 406 qui!
282 331 528 399 ficiam,
564 334 954 407 cognoscentes
987 332 1191 389 merito
1213 353 1280 389 ac
1299 329 1844 407 iure-patremfilio,

122 438 179 474 ι
185 416 524 491 memoria
545 420 604 471 se
635 418 782 474 affici
799 421 1135 489 arbitretur,
1171 421 1445 492 graviter
1439 415 1636 473 irasci.
1680 424 1847 474 'mor—

119 505 349 559 tuorum
374 522 513 557 vero
524 514 823 579 parentum
836 507 1126 580 sepultura
1147 505 1576 561 moderatiffima
1585 499 1848 575 pulcher-

117 584 280 656 rim,
318 595 384 644 nt
406 607 606 687 neq-ue
602 593 946 650 excedamus
970 595 1287 647 consuetam
1319 583 1532 649 molem
1551 604 1733 659 neque
1751 584 1847 640 de-

116 674 371 734 finiemus
391 676 460 732 ab
473 677 553 730 eis
568 694 714 748 quae
741 678 1051 733 maioresin
1073 687 1353 752 parentes
1351 678 1487 731 suos
1501 677 1845 736 statuerunt,

115 759 522 816 ‘anniversarias
576 780 798 836 quoque
847 761 1268 838 procurationes
1298 762 1528 817 honore
1573 762 1843 828 augente}

112 845 227 900 iam
256 844 427 900 finitis
470 849 719 903 similiter
762 861 988 923 op01tet
1034 850 1237 916 dicari,
1284 848 1483 920 quibus
1527 845 1845 915 numquam

110 932 432 987 intermisfis
458 942 511 986 et
538 936 868 989 memoriam
902 954 1218 1008 perennem
1241 932 1561 988 exhibendo
1594 927 1844 984 maxime

113 1036 208 1071 eos
235 1019 454 1090 semper
484 1020 664 1073 colere
694 1019 992 1088 debemus,
1026 1025 1312 1095 sumptum
1337 1040 1370 1074 a
1394 1019 1622 1074 fortuna
1644 1015 1843 1071 datum

111 1104 403 1157 moderate
427 1103 482 1156 in
511 1106 834 1176 perfunctos
867 1107 1148 1162 facientes.
1192 1109 1332 1163 haec
1356 1100 1543 1161 autem
1568 1101 1840 1158 facientes

112 1188 266 1242 etita
309 1190 568 1244 viventes
602 1211 796 1246 omnes
835 1211 938 1245 nos
978 1194 1199 1265 dignam
1239 1193 1562 1248 mercedem
1593 1209 1627 1243 a
1650 1187 1756 1241 diis
1781 1195 1841 1238 et

113 1275 454 1346 quicumque
479 1276 639 1329 nobis
654 1277 969 1351 superiores
997 1281 1123 1332 sunt
1138 1278 1494 1352 accipiemuS,
1510 1278 1570 1330 in
1583 1277 1678 1346 spe
1691 1273 1842 1327 bona

109 1361 421 1415 maximam
450 1360 594 1414 vitae
619 1372 839 1434 partem
878 1364 1250 1419 traducentes.
1324 1363 1499 1437 Quod
1518 1379 1657 1415 vero
1684 1358 1756 1412 ad
1776 1377 1842 1412 ea.
1935 1400 1937 1402 -

68 1447 334 1506 attinet.
375 1464 518 1516 quae
542 1446 666 1500 filiis
694 1458 747 1500 et
783 1450 1031 1520 cognatis
1074 1461 1130 1505 et
1153 1450 1344 1506 amicis
1368 1461 1424 1504 et
1447 1448 1663 1503 civibus
1680 1461 1840 1518 prae-

105 1531 295 1586 standa
323 1533 486 1597 sunt,
505 1532 649 1584 etad
678 1552 840 1587 curas
864 1534 924 1588 in
949 1538 1274 1608 peregrinos
1303 1534 1669 1590 conferendas
1686 1550 1837 1584 com·

11 1686 13 1688 v
102 1616 491 1687 merciumque
523 1619 757 1672 cumbis
790 1622 1052 1676 omnibus
1071 1623 1416 1690 habendum,
1439 1639 1586 1692 quae
1609 1617 1837 1690 quidem

107 1701 298 1755 omnia
323 1702 622 1754 secundum
650 1704 827 1774 legem
852 1719 1179 1779 peragentes
1201 1709 1377 1763 vitam
1401 1709 1646 1762 nostram
1683 1701 1837 1761 exhi-

103 1790 288 1842 larare
317 1797 373 1839 et
405 1786 694 1840 honestare
726 1789 1022 1856 debemus,
1060 1793 1309 1865 ipsarum
1334 1796 1522 1864 legum
1547 1788 1832 1863 expositio·

101 1872 312 1945 partim
349 1874 715 1945 persuadens,
755 1876 959 1945 partim
999 1897 1186 1946 mores
1218 1876 1555 1948 persuasioni
1586 1894 1704 1929 non
1729 1874 1837 1927 ob-

102 1960 390 2028 sequentes
419 1958 474 2010 vi
500 1969 554 2010 et
578 1959 702 2013 iure
732 1962 1007 2030 castiganS,
1022 1964 1309 2018 civitatem
1325 1966 1569 2018 nostram
1596 1960 1836 2014 deorum

103 2045 398 2097 voluntate
442 2043 748 2097 adiuvante
787 2045 1010 2101 felicem
1050 2068 1116 2103 ac
1156 2051 1374 2103 beatam
1412 2047 1626 2102 efficiet.
1687 2062 1833 2116 quae

102 2147 240 2183 vero
260 2130 445 2182 dicere
471 2134 680 2183 necesse
712 2133 783 2184 est
811 2133 994 2204 legum
1022 2136 1267 2203 latorem?⁴
1294 2137 1390 2207 qui
1412 2153 1556 2205 quae
1579 2150 1682 2202 ego
1706 2131 1838 2184 sen-

99 2216 199 2284 tit,
234 2215 296 2268 in
318 2214 452 2285 legis
483 2224 668 2268 autem
696 2215 879 2270 forma
903 2238 1017 2272 non
1047 2226 1268 2292 possunt
1289 2219 1583 2275 commode
1605 2215 1834 2290 exponi,

100 2300 309 2356 horum
348 2300 491 2354 mihi
520 2300 746 2355 videtur
773 2304 1045 2375 specimen
1074 2316 1131 2359 et
1159 2307 1375 2360 fibimet
1397 2307 1494 2380 ipfi
1521 2313 1575 2358 et
1600 2304 1679 2356 eis
1700 2302 1833 2374 qui-

101 2386 205 2442 bus
228 2389 370 2459 leges
396 2387 626 2440 daturus
652 2390 723 2441 est
745 2388 1094 2445 exhibiturus
1114 2402 1172 2446 et
1195 2392 1414 2459 deinde,
1449 2388 1680 2462 reliquis
1703 2407 1833 2442 om-

103 2473 268 2528 nibus
305 2493 410 2545 pro
453 2472 667 2527 viribus
708 2475 996 2547 expofitis,
1058 2478 1247 2549 legum
1283 2477 1553 2538 lationem
1590 2477 1831 2531 exorsu-

104 2576 203 2612 rus
229 2559 348 2612 ess'e.

178 2671 181 2677 «
248 2643 329 2698 CI.
365 2647 430 2699 In
453 2662 696 2714 quanam
724 2647 976 2702 maxime
1000 2647 1186 2704 forma
1209 2650 1348 2704 haec
1372 2652 1545 2721 polita
1565 2647 1735 2703 sunt?

245 2726 377 2782 Ath.
427 2730 589 2784 Haud
625 2733 754 2785 sane
783 2732 965 2789 facilia
1001 2737 1132 2790 sunt
1164 2735 1316 2788 dictu
1349 2734 1429 2788 ita
1462 2745 1528 2788 ut
1550 2735 1826 2807 unaquafi

107 2772 238 2863 nssta
276 2830 338 2863 ea
366 2817 831 2887 comprehendas3
870 2831 926 2875 at
950 2821 1027 2875 ita
1048 2821 1464 2894 quodammodo
1483 2820 1830 2892 complecta-

106 2912 253 2961 mur,
292 2897 328 2948 s1
356 2898 487 2964 quid
513 2901 743 2957 statuere
767 2906 836 2959 de
858 2907 964 2960 illis
994 2909 1276 2984 posfimus.

250 2979 332 3034 Cl.
368 2982 473 3034 Dic
502 2988 796 3054 quomodo.

247 3062 387 3118 Ath.
424 3066 610 3122 Velim
640 3089 729 3123 eos
761 3092 926 3147 quam
953 3077 1211 3134 facillime
1227 3077 1547 3151 persuaderi
1563 3075 1698 3130 etad
1712 3075 1825 3131 vir

105 3159 283 3204 tutem
312 3149 532 3210 adduci.
568 3171 670 3208 nec
690 3155 921 3214 dubium
945 3166 1016 3216 est
1042 3166 1174 3235 quin
1194 3164 1324 3236 legis
1348 3163 1527 3220 lator
1512 3180 1572 3218 m
1599 3160 1821 3218 univer

106 3237 163 3288 sa
188 3236 374 3306 legum
401 3236 605 3290 latione
630 3238 686 3292 id
712 3253 1008 3302 conaturus
1030 3252 1090 3304 fit
1114 3249 1352 3305 efficeiwe

253 3321 338 3376 CI.
379 3321 638 3393 Quidni?
