2176 3672
764 207 1315 271 *LEGE-511
1826 217 1934 277 115

195 359 502 417 concedens
531 360 754 433 semper
781 367 837 414 et
859 354 1070 469 ubique
1090 366 1207 414 tam
1233 354 1384 411 inter
1409 351 1658 427 privatos
1680 361 1927 429 quamin

194 446 455 500 universa
482 443 720 500 civitate.
1144 467 1149 472 *

338 572 424 627 Cl.
464 571 677 638 Nescio,
718 570 932 644 hospes,
970 569 1251 643 quomodo
1272 569 1461 633 rursus
1489 542 1559 626 de
1579 566 1926 639 legislatori.

192 656 299 714 bus
319 658 511 713 nostris
536 658 824 715 deti-..alias

1311 734 1315 739 ¹
1716 740 1739 764 Δ

334 786 473 844 ΛιῘι.
509 788 651 852 Non,
678 806 711 839 o
732 785 896 851 bone,
933 784 1043 838 hoc
1075 785 1324 855 spectans
1342 782 1398 837 id
1431 780 1594 843 facin.
1632 782 1670 836 fi
1696 786 1926 855 quidem

193 871 339 927 facio
359 915 372 938 ‚
412 874 502 926 sed
534 873 712 926 oratio
737 891 851 942 quo
879 872 1063 931 ducat,
1103 887 1171 922 eo
1197 868 1643 940 progrediamur,
1682 871 1716 922 fi
1745 875 1927 930 voltis.

195 959 401 1012 etenim
434 961 468 1012 fi
506 960 722 1011 musam
759 956 1029 1010 habemus
1051 952 1429 1026 pulchriorem
1456 970 1520 1004 ea
1548 970 1690 1022 quae
1712 957 1769 1010 in
1792 960 1925 1014 cho-

196 1042 271 1097 ris
291 1044 798 1113 communibusque
822 1040 1050 1093 theatris
1073 1038 1480 1108 frequentatur,
1507 1030 1777 1096 conemur
1802 1064 1928 1100 eam

195 1127 441 1196 tribuere
470 1129 555 1182 his
581 1147 720 1200 quos
763 1127 994 1180 dicimus
1029 1124 1180 1177 illius
1221 1121 1462 1195 pudere,
1500 1136 1708 1196 cupere
1739 1132 1951 1185 autem'

197 1211 315 1267 eius
343 1233 483 1284 quae
509 1209 890 1285 pulcherrima
914 1212 975 1264 fit
1002 1206 1299 1290 participes
1317 1208 1460 1267 fieri.

340 1338 421 1394 Cl.
461 1340 607 1395 Sane
638 1339 879 1410 quidem.

332 1467 475 1523 Am.
524 1468 723 1540 Nonne
763 1465 1012 1539 primum
1046 1465 1156 1520 hoc
1182 1472 1410 1539 oportet
1435 1465 1696 1522 omnibus
1721 1468 1931 1526 subeffe

191 1551 362 1607 rebus
389 1571 516 1604 cum
541 1551 720 1623 gratia
754 1552 938 1622 aliqua
961 1553 1283 1618 coniunctis,
1324 1560 1388 1603 ut
1416 1551 1507 1603 vel
1541 1551 1645 1606 hac
1669 1555 1802 1622 sola,
1840 1559 1928 1611 vel

194 1646 346 1691 recta
397 1639 638 1707 quadam
685 1636 925 1705 ratione,
986 1640 1079 1691 vel
1125 1637 1290 1692 tertio
1333 1637 1572 1690 utilitate
1613 1643 1931 1711 praestent?

197 1723 353 1776 velut
391 1722 514 1776 dico
554 1723 674 1775 cibo
719 1732 774 1774 et
808 1723 966 1795 potui
1014 1723 1282 1794 omnique
1309 1723 1579 1775 alimento
1607 1725 1932 1782 adiunctam

196 1812 302 1862 esse
338 1796 603 1877 gratiam,
657 1826 827 1878 quam
864 1808 1215 1879 voluptatem
1251 1809 1631 1880 appellemuS,
1682 1811 1751 1863 de
1775 1823 1931 1867 recta.

196 1909 334 1946 vero
381 1892 601 1945 ratione
642 1902 695 1945 et
731 1891 971 1944 utilitato
1017 1912 1189 1963 quam
1233 1911 1530 1955 vocemus,
1584 1896 1732 1965 quod
1777 1898 1932 1952 salu-

196 1977 301 2030 bre
324 1978 571 2031 dicamus
596 1979 655 2030 in
678 1976 939 2031 omnibus
956 1996 1098 2048 quae
1112 1977 1508 2047 adhibeantur,
1531 1977 1584 2032 id
1612 1979 1796 2052 ipsum
1825 1986 1932 2038 effe

197 2063 259 2117 in
289 2063 364 2117 eis
394 2063 565 2117 etiam
593 2062 971 2116 rectissimum.

342 2188 422 2245 CI.
461 2188 605 2244 Sane
629 2188 878 2262 quidem.

339 2318 478 2374 Ath.
539 2317 723 2387 Atque
769 2317 938 2369 etiam
993 2317 1338 2395 disciplinam
1381 2317 1643 2387 consequi
1673 2319 1933 2391 gratiam,

195 2404 253 2459 id
297 2405 370 2458 est
408 2404 776 2475 voluptatem,
813 2401 1113 2457 veritatem
1148 2414 1337 2457 autem
1376 2403 1479 2455 effe
1504 2412 1687 2457 rectae
1708 2404 1937 2457 rat-ionis

200 2498 257 2544 et
283 2488 537 2543 utilitatis
558 2499 613 2542 et
642 2488 817 2541 bonae
839 2489 1222 2562 pulchraeque
1245 2486 1567 2562 disciplinae
1588 2486 1937 2545 efficientem.

341 2616 423 2672 Cl.
459 2616 551 2671 Est
577 2631 707 2672 vero
736 2615 833 2671 ita.

341 2743 479 2799 Ath.
516 2742 712 2817 Quid?
743 2742 1003 2799 fimilium
1037 2743 1385 2814 confectioni,
1402 2762 1544 2816 quae
1567 2763 1766 2799 omnes
1792 2754 1939 2799 artes

203 2827 519 2883 imitatrices
545 2831 950 2901 complectitur,
990 2849 1177 2884 nonne
1206 2832 1244 2882 fi
1275 2829 1328 2882 id
1364 2828 1595 2882 accedat
1631 2829 1780 2900 quod
1818 2830 1942 2902 spe-

207 2922 375 2978 etent,
413 2914 690 2985 voluptas,
726 2914 964 2987 gratiam
987 2915 1095 2970 hoc
1118 2915 1420 2972 rectissime
1447 2913 1743 2970 dicamus?

351 3031 452 3093 cc.⁸
469 3038 675 3094 Euam.
731 3015 744 3022 ’

349 3163 487 3221 Ath.
523 3164 752 3220 Rectam
789 3179 977 3223 autem
1010 3170 1285 3225 rationem
1311 3170 1517 3225 harum
1542 3185 1827 3236 rerum,n1
1812 3167 1944 3222 ‘fal-

206 3252 315 3315 lor‚
354 3249 680 3320 aequalitas,
716 3261 779 3303 ut
805 3254 1123 3309 summatim
1147 3256 1350 3326 dicam,
1389 3252 1589 3308 efficiat
1616 3250 1943 3339 quantitatis

209 3347 268 3390 et
296 3333 573 3408 qualitatis
602 3333 778 3408 prius,
811 3355 930 3392 non
954 3339 1234 3412 voluptas.

1474 3421 1599 3480 112
