2072 3652
706 203 1256 264 LEGESVI.
1728 207 1831 284 567

64 392 68 396 -
104 342 391 427 praesenti
413 348 599 404 famae
618 356 675 403 et
695 346 936 403 orationi
957 345 1274 401 dividamus
1296 363 1439 411 eam,
1463 350 1522 399 et
1545 363 1830 422 quamque

106 447 329 509 partem
365 430 470 489 deo
505 437 597 489 vel
634 435 870 488 deorum
906 430 1022 485 filio‘
1068 431 1471 486 consecrantes*
1493 449 1730 506 arasque
1775 445 1833 490 et

0 517 6 583 ἐ
43 543 47 549 ·
106 528 292 575 cetera
337 519 424 574 his
473 517 867 574 convenientia
928 515 1172 570 dicantes
1216 515 1617 572 sacrificiorum
1670 522 1833 574 causa

90 599 417 661 'conventus
441 606 515 659 eis
537 603 939 658 constituamus
963 601 1102 656 duos
1129 618 1356 673 quoque
1374 602 1582 669 mense,
1619 604 1833 659 duode-

25 705 61 732 Ν
105 689 216 745 cim
240 689 419 744 tribus
458 689 705 744 divisioni
743 697 800 743 et
832 688 1126 742 duodecim
1159 686 1257 758 ipfi
1290 685 1528 740 civitatis
1558 687 1834 744 diutribu-

39 769 44 772 μ
102 776 266 842 finni,
301 774 451 847 iique
476 775 730 848 primum
751 772 825 828 ob
860 772 1097 827 deorum
1128 789 1427 843 rerumque
1459 773 1529 827 ad
1555 774 1684 827 deos
1709 776 1838 849 spe-

102 859 379 915 ctantium
397 860 637 933 gratiam
666 867 1023 932 peragantur,
1059 859 1301 912 secundo
1328 867 1562 932 propter
1589 862 1834 917 nostram

102 946 359 1021 ipsorum
411 944 870 1000 consuetudinem
901 953 1274 1014 mutuamque
1321 944 1721 1014 cognitionem,
1765 958 1834 1002 ut

106 1033 441 1094 dixerimus,
480 1040 536 1084 et
571 1027 890 1083 commercii
926 1028 1167 1083 univerfi
1208 1030 1384 1084 causa.
1423 1046 1556 1112 nam
1583 1030 1652 1083 ad
1681 1049 1846 1104 nup-³

2 1169 5 1173 .
103 1117 317 1172 tiarum
370 1113 834 1179 communitatem
874 1122 930 1167 et
969 1112 1424 1168 coniunctionem
1465 1116 1833 1171 neceffarium

101 1205 182 1256 est
202 1207 351 1259 nosse
370 1221 403 1257 a
424 1199 625 1273 quibus
652 1197 777 1272 quis
795 1217 1032 1253 uxorem
1058 1198 1226 1253 ducat:
1249 1209 1306 1252 et
1329 1218 1497 1271 quam
1517 1200 1833 1272 vel-quibus

0 1319 6 1332 -·
100 1298 351 1361 nuptum
395 1287 517 1354 det,
570 1294 626 1338 et
658 1291 790 1338 ante
815 1285 1002 1338 omnia
1038 1283 1095 1338 id
1127 1283 1439 1355 agendum,
1486 1287 1674 1356 quoad
1712 1287 1832 1342 eius

0 1383 12 1442 ᾖ.
101 1373 230 1428 fieri
258 1375 435 1447 potest
460 1391 530 1425 ne
567 1370 686 1424 ullo
723 1368 892 1422 modo
923 1369 984 1422 in
1024 1369 1113 1423 his
1142 1368 1422 1424 fallamur.
1459 1370 1629 1425 huius
1656 1372 1831 1443 igitur

0 1470 16 1504 Γ
99 1457 388 1513 miseriae
413 1456 571 1510 causa
607 1461 832 1526 oportet
859 1452 1027 1506 etiam
1061 1453 1220 1508 ludos
1250 1453 1537 1508 instituere
1570 1455 1832 1512 saltantes

0 1560 2 1562 ·
100 1561 312 1617 pueros
353 1551 406 1594 et
450 1539 684 1614 puellas,
719 1536 993 1608 fimulque
1026 1539 1311 1611 spectatos,
1346 1539 1558 1593 ratione
1585 1539 1833 1612 adstipu-

0 1673 5 1679 .
101 1630 257 1684 laute
280 1635 336 1681 et
359 1635 537 1681 aetate
557 1623 680 1677 fere
700 1623 1091 1676 consentaneas
1108 1625 1414 1696 praebente
1434 1624 1831 1693 excusationes,

0 1732 10 1767 ,·
102 1713 290 1768 nudos
312 1721 368 1765 et
387 1710 566 1764 nudas
593 1725 774 1778 usque
797 1706 866 1760 ad
879 1707 1232 1762 moderatum
1249 1710 1516 1778 cuiusque
1532 1709 1827 1783 pudorem.

2 1853 6 1856 .
102 1800 308 1856 horum
358 1804 639 1849 curatores
687 1789 943 1846 omnium
990 1801 1043 1844 et
1086 1792 1471 1848 moderatores
1519 1794 1832 1850 chororum

101 1882 374 1960 praefecti
408 1882 570 1933 sunto
598 1888 654 1931 et
684 1879 870 1948 legum
899 1877 1101 1943 latores
1138 1895 1265 1932 cum
1290 1879 1472 1951 legum
1501 1879 1831 1944 custodibus,

104 1977 382 2042 quantum
420 1983 520 2020 nos
554 1962 911 2034 reliquimus,
955 1962 1357 2017 constituentes·
1392 1968 1600 2019 necesse
1635 1975 1830 2022 autem

105 2056 209 2117 est,
258 2052 406 2124 quod
448 2050 693 2105 diximus
704 2087 725 2116 ,
763 2047 850 2102 his
882 2047 942 2101 in
975 2047 1142 2102 rebus
1182 2068 1564 2125 quaecumque
1593 2052 1738 2108 levia
1772 2063 1834 2109 et:

101 2139 282 2196 multa
305 2137 435 2209 legis
455 2137 693 2191 latorem
713 2133 941 2206 quidem
965 2134 1427 2206 praetermittere,
1465 2135 1673 2211 peritos
1693 2157 1830 2195 vero

104 2223 402 2297 quotannis
450 2240 525 2275 ex
564 2224 669 2276 usu
703 2220 971 2275 discentes
1016 2217 1341 2274 constituere
1377 2231 1433 2276 et
1475 2225 1830 2281 emendando

26 2309 53 2340 '²'
103 2319 347 2374 mutare,
380 2306 513 2361 dum
537 2306 805 2362 terminus
829 2301 1000 2359 iustus
1025 2303 1284 2359 videatur
1305 2306 1622 2363 huiusmodi
1641 2312 1833 2382 legum

105 2405 161 2450 et
190 2393 494 2447 studiorum
532 2402 722 2465 pactus
759 2394 838 2444 ess
920 2399 1141 2463 tempus
1174 2402 1364 2447 autem
1395 2393 1745 2450 moderatum
1774 2406 1831 2450 et

33 2474 42 2479 ’
104 2479 310 2533 iustum
338 2477 442 2530 erit
477 2410 1165 2551 experientiabdecenne,
1206 2478 1352 2547 quod
1386 2478 1454 2532 ad
1484 2478 1745 2534 sacrificia
1772 2490 1831 2534 et:

104 2564 337 2619 choreas
362 2561 577 2624 attinet,
603 2562 669 2615 ad
689 2562 878 2615 omnia
900 2563 1173 2632 etfingula
1192 2563 1480 2631 statutum·
1510 2582 1573 2618 ac
1599 2563 1832 2619 vivente

106 2647 336 2720 quidem
381 2648 571 2718 legum
610 2646 788 2699 latore
825 2645 920 2718 qui
962 2647 1069 2701 hoc
1118 2646 1396 2702 constituit
1436 2650 1831 2719 communiter,

105 2732 271 2787 finito
314 2740 503 2785 autem
541 2730 637 2785 illo
674 2730 819 2802 ipsos
865 2731 1210 2804 magistratus
1250 2733 1486 2805 singulos
1530 2733 1602 2787 ad
1637 2735 1831 2805 legum

108 2815 357 2871 custodes
391 2824 612 2886 oportet
646 2814 864 2870 referre
897 2815 966 2869 de
1009 2817 1362 2889 magistratus
1390 2818 1478 2873 sui
1513 2817 1829 2874 deiectione

109 2918 346 2972 eamque
365 2897 659 2969 corrigere,
686 2902 861 2956 donec
876 2899 946 2956 ad
967 2902 1122 2955 suam
1144 2903 1403 2974 quodque
1426 2902 1829 2975 perfectionem

110 2985 369 3040 videatur
398 2983 703 3039 adductum
734 2990 869 3055 effe3
914 2996 1036 3040 tum
1072 2987 1365 3043 immutata
1397 2987 1536 3041 haec
1567 2988 1827 3060 ponenda

112 3077 322 3124 etcum
354 3066 578 3142 reliquis
607 3068 817 3143 legibus
847 3071 1181 3144 adhibenda,
1216 3090 1349 3146 quaa
1372 3071 1554 3147 posuit
1573 3073 1643 3129 ab
1664 3073 1824 3130 initio
