2176 3672
767 151 1180 225 LEGE'S
1253 161 1935 222 111.181

210 309 479 386 inscitiam
494 348 512 376 ‚
550 308 681 365 licet
702 306 972 382 sapientia-
995 307 1252 363 videatur
1277 309 1382 361 ess'e
1392 345 1414 374 ,
1452 305 1641 359 omnia
1673 305 1765 360 illa
1791 316 1937 380 pro-⁴

203 405 331 470 pter
350 387 659 467 nequitiam
684 403 740 448 et
760 391 1105 469 imperitiam
1130 410 1384 448 amaram
1412 386 1756 463 corrupiffe'?

347 508 430 566 Cl.
476 507 716 563 Videtur
741 518 906 562 certe.

236 680 239 685 ,
339 621 482 681 Ath.
527 623 648 677 Iam
672 622 810 694 quid
836 620 969 693 legis
998 621 1236 675 latorem
1258 618 1551 695 oportebat
1569 628 1694 674 tum
1721 617 1935 674 sancire

199 724 312 780 quo
327 718 630 764 caveretne
641 708 875 763 morbus
888 707 982 762 ille
993 707 1277 761 oriretur?
1306 724 1471 774 num,·
1485 724 1588 779 per
1602 704 1756 771 deos,
1778 720 1931 758 nune

192 793 427 864 quidem
461 813 817 866 nequaquam
854 792 1152 866 sapientiae
1190 793 1265 845 est
1302 791 1412 845 hoc
1453 791 1782 860 cognoscere
1821 807 1930 844 ne·-

185 881 308 951 'que
332 879 487 934 dictu
508 879 765 945 difficile,
820 889 956 931 tunc
986 896 1124 932 vero
1156 877 1194 931 fi
1219 875 1511 950 provideri
1526 875 1804 948 potuisset,
1841 875 1932 928 sa-

194 961 438 1034 pientior
458 963 646 1020 fuiffet
672 963 871 1018 nobis'
855 982 900 1017 ιε
936 963 1035 1034 qui
1062 961 1425 1036 providiffet?

335 1063 445 1121 Me.
486 1064 778 1139 Quidnam
804 1062 936 1118 dicis
953 1065 980 1114 ’ἒ

337 1163 477 1220 Ath.
516 1165 582 1219 In
605 1164 714 1219 hoc
742 1163 894 1235 quod
922 1161 1074 1234 apud
1095 1174 1212 1227 VOS,
1248 1159 1488 1233 Megille,
1523 1158 1740 1213 factum
1761 1157 1927 1213 essii-⁴

191 1258 280 1302 cet
316 1268 468 1302 nunc
505 1248 743 1303 intuenti
768 1248 1101 1317 cognoscere
1126 1255 1182 1300 et
1207 1263 1386 1318 quum
1411 1244 1741 1319 cognoverit
1763 1241 1926 1300 facile

190 1333 379 1389 dicere
407 1334 558 1405 quod
582 1344 717 1387 tunc
740 1331 992 1406 oportuit
1010 1330 1157 1388 fieri.

328 1434 437 1491 Me.
475 1432 695 1488 Clarius
715 1430 881 1485 etiam
912 1449 1151 1504 expone.

324 1531 462 1590 Atlz.
499 1531 878 1587 Clarissimum
904 1530 1076 1603 igitur
1095 1530 1204 1585 hoe
1231 1531 1353 1588 erit.

328 1636 440 1691 Me.
477 1631 768 1707 Quidnam
787 1629 817 1682 Ρ

325 1735 464 1791 ΑιῙι.
518 1731 578 1787 Si
619 1731 744 1801 quis
779 1730 1051 1785 maiorem
1095 1731 1190 1785 dat
1231 1731 1543 1788 minoribus
1591 1731 1918 1804 potestatem

184 1817 467 1889 negligens
493 1816 547 1869 id
571 1816 722 1886 quod
750 1817 1102 1869 moderatum
1130 1818 1223 1882 est,
1259 1817 1502 1872 navibus
1529 1817 1677 1880 vela,
1714 1834 1920 1886 corpo-

184 1902 339 1957 ribus
375 1901 708 1955 alimentum
761 1909 817 1952 et
857 1900 1056 1953 animis
1091 1900 1361 1972 imperia,
1410 1910 1751 1954 evertuntur
1785 1901 1919 1954 sane

84 1998 94 2012 '
182 1986 377 2042 omnia
415 1995 470 2039 et
497 1985 567 2038 ad
605 1984 957 2038 insolentiam
985 1987 1125 2038 elata
1146 1987 1355 2057 partim
1376 1986 1436 2039 in
1463 1984 1693 2039 moi-bos
1719 1984 1942 2039 incur-‘

180 2080 315 2125 runt
348 2070 556 2143 partim
581 2070 643 2123 in
667 2071 991 2142 progeniem
1026 2072 1353 2126 insolentiae
1389 2069 1726 2125 iniustitiam.
1778 2069 1915 2141 quid

179 2155 408 2210 tandem
441 2154 721 2209 dicimus?
753 2157 859 2210 hoc
892 2158 1048 2223 sane,
1086 2158 1306 2211 nullam
1342 2161 1479 2223 esse,
1516 2175 1551 2209 o
1575 2155 1683 2208 viri
1707 2154 1917 2223 dilecti,

177 2241 351 2295 animi
378 2241 609 2295 humani
636 2251 916 2309 naturam,
947 2261 1094 2313 quae
1118 2242 1439 2297 maximum
1465 2258 1736 2312 umquam
1750 2242 1915 2314 posfit

176 2326 239 2381 in
266 2326 591 2381 hominibus
635 2326 934 2400 imperium
972 2327 1127 2382 ferre
1154 2327 1377 2383 iuvenis
1415 2336 1471 2381 et
1499 2327 1569 2381 ab
1583 2320 1816 2382 arbitris
1838 2326 1914 2379 li·-

176 2411 342 2475 bera,
380 2410 516 2482 quin
545 2412 792 2466 maximo
824 2413 1043 2478 morbo,
1079 2412 1310 2482 inscitia,
1348 2413 1605 2486 animum
1628 2413 1791 2465 suum
1814 2429 1913 2465 re·-

174 2497 334 2569 plens
360 2495 753 2570 proximorum
783 2498 1090 2553 amicorum
1115 2499 1242 2552 odia
1265 2499 1327 2552 in
1350 2501 1404 2552 se
1426 2507 1735 2559 convertat,
1754 2496 1911 2569 quod

175 2581 406 2653 quidem
430 2583 467 2635 fi
492 2582 787 2653 contingat,
809 2583 970 2639 brevi
981 2594 1233 2657 tempore
1257 2603 1383 2639 eam
1399 2603 1765 2656 corrumpere
1778 2602 1910 2638 om-

175 2684 421 2739 nemque
456 2667 576 2721 eius
610 2671 935 2741 potestatem
966 2670 1288 2725 dissolvere.
1361 2670 1473 2724 hoe
1499 2670 1670 2742 igitur
1702 2687 1905 2723 cavere

174 2750 294 2805 eius
334 2753 481 2822 quod
515 2755 791 2808 moderati
828 2756 902 2808 est
935 2754 1247 2827 cognitione
1287 2774 1624 2828 magnorum
1664 2756 1738 2808 est
1769 2753 1903 2822 legis

173 2834 432 2889 latorum.
504 2837 692 2909 itaque
705 2849 880 2912 prout
906 2841 975 2894 de
1003 2861 1068 2894 eo
1087 2841 1242 2912 quod
1271 2850 1404 2897 tunc
1430 2842 1640 2896 factum
1664 2842 1736 2893 est
1748 2855 1902 2890 nunc

180 2917 300 2972 satis
324 2928 475 2973 certo
497 2921 767 2978 coniicere
796 2926 953 2993 licet,
992 2926 1130 2982 haec
1151 2927 1270 2982 eius
1290 2924 1433 2982 ratio
1467 2926 1693 2982 videtur
1728 2921 1898 2976 fuisse.

316 3015 423 3070 Me.
463 3017 755 3090 Quaenam
769 3023 797 3076 ’ἓ

315 3113 449 3168 ΑιΙι.
498 3116 648 3172 Deus
680 3121 936 3192 quidem,
984 3136 1043 3180 ut
1084 3128 1355 3195 arbitror,
1395 3148 1495 3182 vos
1529 3141 1758 3186 curans,
1796 3120 1896 3192 (11¹i

174 3199 362 3254 sutura
398 3201 693 3272 providens
726 3210 1118 3282 geminamque
1149 3212 1302 3267 vobis
1328 3215 1509 3268 serens
1534 3226 1727 3282 regum
1769 3207 1895 3260 stir-

171 3304 299 3357 pem
343 3306 413 3338 cx
449 3289 684 3359 unigena
717 3292 772 3344 in
804 3295 1240 3354 moderationem
1269 3300 1442 3371 magis
1480 3296 1797 3356 contraxit,
1838 3301 1892 3344 ct
