<?xml version="1.0" encoding="UTF-8"?>
<!DOCTYPE html PUBLIC "-//W3C//DTD XHTML 1.0 Transitional//EN"
    "http://www.w3.org/TR/xhtml1/DTD/xhtml1-transitional.dtd">
<html xmlns="http://www.w3.org/1999/xhtml" xml:lang="en" lang="en">
 <head>
  <title>
</title>
<meta http-equiv="Content-Type" content="text/html;charset=utf-8" />
  <meta name='ocr-system' content='tesseract 3.04.00' />
  <meta name='ocr-capabilities' content='ocr_page ocr_carea ocr_par ocr_line ocrx_word'/>
</head>
<body>
  <div class='ocr_page' id='page_1' title='image "./quaeexstantopera06plat_0363.png"; bbox 0 0 2072 3652; ppageno 0'>
   <div class='ocr_carea' id='block_1_1' title="bbox 708 205 1921 275">
    <p class='ocr_par' dir='ltr' id='par_1_1' title="bbox 708 205 1921 275">
     <span class='ocr_line' id='line_1_1' title="bbox 708 205 1921 275; baseline 0.009 -12"><span class='ocrx_word' id='word_1_1' title='bbox 708 205 1095 264; x_wconf 87' lang='lat' dir='ltr'><strong>LEGES</strong></span> <span class='ocrx_word' id='word_1_2' title='bbox 1169 207 1267 265; x_wconf 78' lang='lat' dir='ltr'>vl.</span> <span class='ocrx_word' id='word_1_3' title='bbox 1814 216 1921 275; x_wconf 75' lang='lat'>555</span> 
     </span>
    </p>
   </div>
   <div class='ocr_carea' id='block_1_2' title="bbox 181 333 1996 1791">
    <p class='ocr_par' dir='ltr' id='par_1_2' title="bbox 182 333 1910 509">
     <span class='ocr_line' id='line_1_2' title="bbox 183 333 1910 421; baseline 0.006 -15"><span class='ocrx_word' id='word_1_4' title='bbox 183 351 370 421; x_wconf 83' lang='lat' dir='ltr'>legum</span> <span class='ocrx_word' id='word_1_5' title='bbox 393 348 718 416; x_wconf 79' lang='lat' dir='ltr'>custodibus,</span> <span class='ocrx_word' id='word_1_6' title='bbox 754 348 1026 418; x_wconf 84' lang='lat' dir='ltr'>imperato</span> <span class='ocrx_word' id='word_1_7' title='bbox 1046 347 1510 421; x_wconf 83' lang='lat' dir='ltr'>quinquennium,</span> <span class='ocrx_word' id='word_1_8' title='bbox 1546 333 1699 411; x_wconf 54' lang='lat' dir='ltr'>seito</span> <span class='ocrx_word' id='word_1_9' title='bbox 1720 368 1910 416; x_wconf 72' lang='lat' dir='ltr'>autem</span> 
     </span>
     <span class='ocr_line' id='line_1_3' title="bbox 182 434 1910 509; baseline 0.007 -19"><span class='ocrx_word' id='word_1_10' title='bbox 182 453 336 490; x_wconf 80' lang='lat' dir='ltr'>anno</span> <span class='ocrx_word' id='word_1_11' title='bbox 365 436 560 489; x_wconf 88' lang='lat' dir='ltr'>eadem</span> <span class='ocrx_word' id='word_1_12' title='bbox 588 435 804 491; x_wconf 85' lang='lat' dir='ltr'>ratione</span> <span class='ocrx_word' id='word_1_13' title='bbox 825 434 965 490; x_wconf 79' lang='lat' dir='ltr'>alius</span> <span class='ocrx_word' id='word_1_14' title='bbox 995 435 1064 489; x_wconf 86' lang='lat' dir='ltr'>ad</span> <span class='ocrx_word' id='word_1_15' title='bbox 1098 434 1255 490; x_wconf 87' lang='lat' dir='ltr'>hunc</span> <span class='ocrx_word' id='word_1_16' title='bbox 1276 435 1651 509; x_wconf 82' lang='lat' dir='ltr'>magistratum</span> <span class='ocrx_word' id='word_1_17' title='bbox 1676 455 1910 502; x_wconf 83' lang='lat' dir='ltr'>creator.</span> 
     </span>
    </p>

    <p class='ocr_par' dir='ltr' id='par_1_3' title="bbox 181 519 1916 1191">
     <span class='ocr_line' id='line_1_4' title="bbox 326 519 1912 593; baseline 0.006 -17"><span class='ocrx_word' id='word_1_18' title='bbox 326 519 388 577; x_wconf 90' lang='lat' dir='ltr'>Si</span> <span class='ocrx_word' id='word_1_19' title='bbox 409 521 535 593; x_wconf 81' lang='lat' dir='ltr'>quis</span> <span class='ocrx_word' id='word_1_20' title='bbox 564 520 854 593; x_wconf 84' lang='lat' dir='ltr'>publicum</span> <span class='ocrx_word' id='word_1_21' title='bbox 884 522 1263 593; x_wconf 81' lang='lat' dir='ltr'>magistratum</span> <span class='ocrx_word' id='word_1_22' title='bbox 1295 538 1493 593; x_wconf 77' lang='lat' dir='ltr'>gerens</span> <span class='ocrx_word' id='word_1_23' title='bbox 1526 526 1769 582; x_wconf 81' lang='lat' dir='ltr'>moritur</span> <span class='ocrx_word' id='word_1_24' title='bbox 1806 550 1912 586; x_wconf 80' lang='lat' dir='ltr'>an-</span> 
     </span>
     <span class='ocr_line' id='line_1_5' title="bbox 182 608 1913 686; baseline 0.006 -25"><span class='ocrx_word' id='word_1_25' title='bbox 182 615 412 677; x_wconf 73' lang='lat' dir='ltr'>tequam</span> <span class='ocrx_word' id='word_1_26' title='bbox 451 626 654 662; x_wconf 77' lang='lat' dir='ltr'>munus</span> <span class='ocrx_word' id='word_1_27' title='bbox 699 608 860 661; x_wconf 86' lang='lat' dir='ltr'>suum</span> <span class='ocrx_word' id='word_1_28' title='bbox 901 608 1179 680; x_wconf 76' lang='lat' dir='ltr'>explevit,</span> <span class='ocrx_word' id='word_1_29' title='bbox 1227 611 1444 666; x_wconf 87' lang='lat' dir='ltr'>maiore</span> <span class='ocrx_word' id='word_1_30' title='bbox 1471 628 1641 683; x_wconf 85' lang='lat' dir='ltr'>quam</span> <span class='ocrx_word' id='word_1_31' title='bbox 1680 615 1913 686; x_wconf 81' lang='lat' dir='ltr'>triginta</span> 
     </span>
     <span class='ocr_line' id='line_1_6' title="bbox 185 691 1911 767; baseline 0.006 -22"><span class='ocrx_word' id='word_1_32' title='bbox 185 691 408 747; x_wconf 88' lang='lat' dir='ltr'>dierum</span> <span class='ocrx_word' id='word_1_33' title='bbox 439 692 614 765; x_wconf 84' lang='lat' dir='ltr'>spatio</span> <span class='ocrx_word' id='word_1_34' title='bbox 638 691 952 755; x_wconf 84' lang='lat' dir='ltr'>deficiente,</span> <span class='ocrx_word' id='word_1_35' title='bbox 991 694 1189 749; x_wconf 87' lang='lat' dir='ltr'>eodem</span> <span class='ocrx_word' id='word_1_36' title='bbox 1222 696 1394 750; x_wconf 90' lang='lat' dir='ltr'>modo</span> <span class='ocrx_word' id='word_1_37' title='bbox 1430 697 1499 750; x_wconf 86' lang='lat' dir='ltr'>ad</span> <span class='ocrx_word' id='word_1_38' title='bbox 1534 697 1911 767; x_wconf 80' lang='lat' dir='ltr'>magistratum</span> 
     </span>
     <span class='ocr_line' id='line_1_7' title="bbox 185 776 1914 854; baseline 0.006 -24"><span class='ocrx_word' id='word_1_39' title='bbox 185 776 360 830; x_wconf 83' lang='lat' dir='ltr'>alium</span> <span class='ocrx_word' id='word_1_40' title='bbox 388 777 760 833; x_wconf 80' lang='lat' dir='ltr'>constituunto</span> <span class='ocrx_word' id='word_1_41' title='bbox 785 777 989 849; x_wconf 84' lang='lat' dir='ltr'>quibus</span> <span class='ocrx_word' id='word_1_42' title='bbox 1004 778 1147 832; x_wconf 88' lang='lat' dir='ltr'>haec</span> <span class='ocrx_word' id='word_1_43' title='bbox 1165 798 1298 835; x_wconf 84' lang='lat' dir='ltr'>cura</span> <span class='ocrx_word' id='word_1_44' title='bbox 1322 781 1612 844; x_wconf 76' lang='lat' dir='ltr'>convenit3</span> <span class='ocrx_word' id='word_1_45' title='bbox 1652 793 1706 835; x_wconf 88' lang='lat' dir='ltr'>et</span> <span class='ocrx_word' id='word_1_46' title='bbox 1726 782 1766 837; x_wconf 81' lang='lat' dir='ltr'>{i</span> <span class='ocrx_word' id='word_1_47' title='bbox 1785 783 1914 854; x_wconf 76' lang='lat' dir='ltr'>quis</span> 
     </span>
     <span class='ocr_line' id='line_1_8' title="bbox 181 850 1915 938; baseline 0.005 -22"><span class='ocrx_word' id='word_1_48' title='bbox 181 863 535 936; x_wconf 85' lang='lat' dir='ltr'>pupillorum</span> <span class='ocrx_word' id='word_1_49' title='bbox 577 871 729 917; x_wconf 79' lang='lat' dir='ltr'>tutor</span> <span class='ocrx_word' id='word_1_50' title='bbox 760 872 1019 937; x_wconf 64' lang='lat' dir='ltr'>mortuuq</span> <span class='ocrx_word' id='word_1_51' title='bbox 1051 864 1141 928; x_wconf 92' lang='lat' dir='ltr'>est,</span> <span class='ocrx_word' id='word_1_52' title='bbox 1182 850 1399 936; x_wconf 76' lang='lat' dir='ltr'>cognati</span> <span class='ocrx_word' id='word_1_53' title='bbox 1432 874 1489 918; x_wconf 83' lang='lat' dir='ltr'>et</span> <span class='ocrx_word' id='word_1_54' title='bbox 1523 876 1845 938; x_wconf 76' lang='lat' dir='ltr'><strong>praesentes</strong></span> <span class='ocrx_word' id='word_1_55' title='bbox 1878 888 1915 924; x_wconf 88' lang='lat' dir='ltr'>a</span> 
     </span>
     <span class='ocr_line' id='line_1_9' title="bbox 183 948 1914 1023; baseline 0.003 -21"><span class='ocrx_word' id='word_1_56' title='bbox 183 959 347 1023; x_wconf 76' lang='lat' dir='ltr'>patre</span> <span class='ocrx_word' id='word_1_57' title='bbox 373 958 430 1003; x_wconf 90' lang='lat' dir='ltr'>et</span> <span class='ocrx_word' id='word_1_58' title='bbox 447 957 629 1002; x_wconf 84' lang='lat' dir='ltr'>matre</span> <span class='ocrx_word' id='word_1_59' title='bbox 656 965 828 1019; x_wconf 89' lang='lat' dir='ltr'>usque</span> <span class='ocrx_word' id='word_1_60' title='bbox 861 948 931 1002; x_wconf 81' lang='lat' dir='ltr'>ad</span> <span class='ocrx_word' id='word_1_61' title='bbox 960 949 1314 1004; x_wconf 77' lang='lat' dir='ltr'>consobrinos</span> <span class='ocrx_word' id='word_1_62' title='bbox 1339 948 1513 1004; x_wconf 88' lang='lat' dir='ltr'>alium</span> <span class='ocrx_word' id='word_1_63' title='bbox 1540 952 1914 1007; x_wconf 81' lang='lat' dir='ltr'>constituunto</span> 
     </span>
     <span class='ocr_line' id='line_1_10' title="bbox 183 1032 1916 1108; baseline 0.002 -21"><span class='ocrx_word' id='word_1_64' title='bbox 183 1034 339 1088; x_wconf 82' lang='lat' dir='ltr'>intra</span> <span class='ocrx_word' id='word_1_65' title='bbox 362 1036 557 1089; x_wconf 87' lang='lat' dir='ltr'>decem</span> <span class='ocrx_word' id='word_1_66' title='bbox 580 1033 713 1094; x_wconf 87' lang='lat' dir='ltr'>dies,</span> <span class='ocrx_word' id='word_1_67' title='bbox 752 1032 998 1104; x_wconf 85' lang='lat' dir='ltr'>alioquin</span> <span class='ocrx_word' id='word_1_68' title='bbox 1025 1034 1367 1091; x_wconf 81' lang='lat' dir='ltr'>mulctantor</span> <span class='ocrx_word' id='word_1_69' title='bbox 1387 1035 1621 1108; x_wconf 85' lang='lat' dir='ltr'>quisque</span> <span class='ocrx_word' id='word_1_70' title='bbox 1643 1035 1916 1091; x_wconf 83' lang='lat' dir='ltr'><strong>drachma</strong></span> 
     </span>
     <span class='ocr_line' id='line_1_11' title="bbox 184 1117 1210 1191; baseline 0.001 -19"><span class='ocrx_word' id='word_1_71' title='bbox 184 1119 450 1191; x_wconf 78' lang='lat' dir='ltr'>quotidie,</span> <span class='ocrx_word' id='word_1_72' title='bbox 486 1120 622 1173; x_wconf 88' lang='lat' dir='ltr'>dum</span> <span class='ocrx_word' id='word_1_73' title='bbox 650 1117 915 1190; x_wconf 82' lang='lat' dir='ltr'>elegerint</span> <span class='ocrx_word' id='word_1_74' title='bbox 944 1129 1210 1176; x_wconf 83' lang='lat' dir='ltr'>tutorem.</span> 
     </span>
    </p>

    <p class='ocr_par' dir='ltr' id='par_1_4' title="bbox 183 1202 1996 1791">
     <span class='ocr_line' id='line_1_12' title="bbox 326 1202 1918 1262; baseline 0.001 -2"><span class='ocrx_word' id='word_1_75' title='bbox 326 1205 593 1260; x_wconf 81' lang='lat' dir='ltr'>Universa</span> <span class='ocrx_word' id='word_1_76' title='bbox 617 1215 804 1259; x_wconf 83' lang='lat' dir='ltr'>autem</span> <span class='ocrx_word' id='word_1_77' title='bbox 836 1202 1027 1257; x_wconf 83' lang='lat' dir='ltr'>civitas</span> <span class='ocrx_word' id='word_1_78' title='bbox 1064 1222 1181 1259; x_wconf 86' lang='lat' dir='ltr'>non</span> <span class='ocrx_word' id='word_1_79' title='bbox 1216 1204 1322 1261; x_wconf 89' lang='lat' dir='ltr'>erit</span> <span class='ocrx_word' id='word_1_80' title='bbox 1345 1204 1545 1261; x_wconf 74' lang='lat' dir='ltr'>civitas</span> <span class='ocrx_word' id='word_1_81' title='bbox 1578 1203 1679 1260; x_wconf 79' lang='lat' dir='ltr'>nist</span> <span class='ocrx_word' id='word_1_82' title='bbox 1709 1203 1918 1262; x_wconf 85' lang='lat' dir='ltr'>iudicia</span> 
     </span>
     <span class='ocr_line' id='line_1_13' title="bbox 186 1288 1917 1363; baseline 0.002 -19"><span class='ocrx_word' id='word_1_83' title='bbox 186 1289 295 1345; x_wconf 79' lang='lat' dir='ltr'>rite</span> <span class='ocrx_word' id='word_1_84' title='bbox 335 1290 626 1344; x_wconf 81' lang='lat' dir='ltr'>constituta</span> <span class='ocrx_word' id='word_1_85' title='bbox 662 1288 902 1350; x_wconf 77' lang='lat' dir='ltr'>suerint3</span> <span class='ocrx_word' id='word_1_86' title='bbox 966 1299 1154 1344; x_wconf 80' lang='lat' dir='ltr'>mutus</span> <span class='ocrx_word' id='word_1_87' title='bbox 1206 1310 1341 1344; x_wconf 89' lang='lat' dir='ltr'>vero</span> <span class='ocrx_word' id='word_1_88' title='bbox 1381 1291 1552 1345; x_wconf 84' lang='lat' dir='ltr'>iudex</span> <span class='ocrx_word' id='word_1_89' title='bbox 1600 1308 1705 1343; x_wconf 89' lang='lat' dir='ltr'>nec</span> <span class='ocrx_word' id='word_1_90' title='bbox 1750 1293 1917 1363; x_wconf 78' lang='lat' dir='ltr'>plura</span> 
     </span>
     <span class='ocr_line' id='line_1_14' title="bbox 188 1374 1917 1447; baseline 0.001 -17"><span class='ocrx_word' id='word_1_91' title='bbox 188 1395 358 1447; x_wconf 89' lang='lat' dir='ltr'>quam</span> <span class='ocrx_word' id='word_1_92' title='bbox 385 1374 689 1434; x_wconf 79' lang='lat' dir='ltr'>adversarii</span> <span class='ocrx_word' id='word_1_93' title='bbox 716 1374 776 1428; x_wconf 87' lang='lat' dir='ltr'>in</span> <span class='ocrx_word' id='word_1_94' title='bbox 801 1374 1207 1445; x_wconf 80' lang='lat' dir='ltr'>quaestionibus</span> <span class='ocrx_word' id='word_1_95' title='bbox 1243 1375 1501 1446; x_wconf 72' lang='lat' dir='ltr'>loquenS,</span> <span class='ocrx_word' id='word_1_96' title='bbox 1541 1378 1917 1446; x_wconf 86' lang='lat' dir='ltr'>quemadmo-</span> 
     </span>
     <span class='ocr_line' id='line_1_15' title="bbox 185 1458 1918 1533; baseline 0.001 -18"><span class='ocrx_word' id='word_1_97' title='bbox 185 1463 323 1515; x_wconf 85' lang='lat' dir='ltr'>dum</span> <span class='ocrx_word' id='word_1_98' title='bbox 356 1461 420 1515; x_wconf 83' lang='lat' dir='ltr'>in·</span> <span class='ocrx_word' id='word_1_99' title='bbox 453 1460 714 1526; x_wconf 76' lang='lat' dir='ltr'>arbitriis,</span> <span class='ocrx_word' id='word_1_100' title='bbox 751 1477 1058 1532; x_wconf 82' lang='lat' dir='ltr'>numquam</span> <span class='ocrx_word' id='word_1_101' title='bbox 1090 1459 1216 1513; x_wconf 74' lang='lat' dir='ltr'>satis</span> <span class='ocrx_word' id='word_1_102' title='bbox 1237 1458 1400 1514; x_wconf 85' lang='lat' dir='ltr'>faciet</span> <span class='ocrx_word' id='word_1_103' title='bbox 1420 1459 1482 1513; x_wconf 85' lang='lat' dir='ltr'>in</span> <span class='ocrx_word' id='word_1_104' title='bbox 1512 1459 1633 1515; x_wconf 84' lang='lat' dir='ltr'>iusti</span> <span class='ocrx_word' id='word_1_105' title='bbox 1665 1461 1918 1533; x_wconf 62' lang='lat' dir='ltr'>disquisi-</span> 
     </span>
     <span class='ocr_line' id='line_1_16' title="bbox 184 1543 1914 1618; baseline 0.001 -19"><span class='ocrx_word' id='word_1_106' title='bbox 184 1547 369 1612; x_wconf 75' lang='lat' dir='ltr'>tione3</span> <span class='ocrx_word' id='word_1_107' title='bbox 417 1544 679 1616; x_wconf 82' lang='lat' dir='ltr'>quocirca</span> <span class='ocrx_word' id='word_1_108' title='bbox 717 1562 899 1614; x_wconf 88' lang='lat' dir='ltr'>neque</span> <span class='ocrx_word' id='word_1_109' title='bbox 944 1543 1106 1598; x_wconf 79' lang='lat' dir='ltr'>multi</span> <span class='ocrx_word' id='word_1_110' title='bbox 1135 1544 1302 1598; x_wconf 83' lang='lat' dir='ltr'>facile</span> <span class='ocrx_word' id='word_1_111' title='bbox 1342 1554 1609 1618; x_wconf 86' lang='lat' dir='ltr'>poterunt</span> <span class='ocrx_word' id='word_1_112' title='bbox 1649 1545 1791 1600; x_wconf 91' lang='lat' dir='ltr'>bene</span> <span class='ocrx_word' id='word_1_113' title='bbox 1826 1548 1914 1601; x_wconf 76' lang='lat' dir='ltr'>ius</span> 
     </span>
     <span class='ocr_line' id='line_1_17' title="bbox 184 1628 1996 1702; baseline 0.001 -17"><span class='ocrx_word' id='word_1_114' title='bbox 184 1633 374 1686; x_wconf 85' lang='lat' dir='ltr'>dicere</span> <span class='ocrx_word' id='word_1_115' title='bbox 413 1649 592 1702; x_wconf 89' lang='lat' dir='ltr'>neque</span> <span class='ocrx_word' id='word_1_116' title='bbox 623 1629 790 1701; x_wconf 80' lang='lat' dir='ltr'>pauci</span> <span class='ocrx_word' id='word_1_117' title='bbox 832 1629 988 1686; x_wconf 77' lang='lat' dir='ltr'>viles,</span> <span class='ocrx_word' id='word_1_118' title='bbox 1051 1628 1321 1685; x_wconf 85' lang='lat' dir='ltr'>declarari</span> <span class='ocrx_word' id='word_1_119' title='bbox 1355 1641 1545 1685; x_wconf 88' lang='lat' dir='ltr'>autem</span> <span class='ocrx_word' id='word_1_120' title='bbox 1585 1640 1811 1702; x_wconf 81' lang='lat' dir='ltr'>oportet</span> <span class='ocrx_word' id='word_1_121' title='bbox 1843 1633 1918 1687; x_wconf 83' lang='lat' dir='ltr'>ab</span> <span class='ocrx_word' id='word_1_122' title='bbox 1991 1632 1996 1635; x_wconf 72' lang='grc'><strong>’</strong></span> 
     </span>
     <span class='ocr_line' id='line_1_18' title="bbox 183 1713 1918 1791; baseline 0.001 -21"><span class='ocrx_word' id='word_1_123' title='bbox 183 1716 439 1786; x_wconf 82' lang='lat' dir='ltr'>utrisque</span> <span class='ocrx_word' id='word_1_124' title='bbox 489 1713 544 1767; x_wconf 88' lang='lat' dir='ltr'>id</span> <span class='ocrx_word' id='word_1_125' title='bbox 587 1714 733 1784; x_wconf 88' lang='lat' dir='ltr'>quod</span> <span class='ocrx_word' id='word_1_126' title='bbox 775 1713 832 1765; x_wconf 88' lang='lat' dir='ltr'>in</span> <span class='ocrx_word' id='word_1_127' title='bbox 887 1716 1316 1768; x_wconf 78' lang='lat' dir='ltr'>controverfiam</span> <span class='ocrx_word' id='word_1_128' title='bbox 1353 1724 1620 1782; x_wconf 76' lang='lat' dir='ltr'>vocatur,</span> <span class='ocrx_word' id='word_1_129' title='bbox 1689 1726 1918 1791; x_wconf 78' lang='lat' dir='ltr'>tempus</span> 
     </span>
    </p>
   </div>
   <div class='ocr_carea' id='block_1_3' title="bbox 96 1796 1920 1871">
    <p class='ocr_par' dir='ltr' id='par_1_5' title="bbox 96 1796 1920 1871">
     <span class='ocr_line' id='line_1_19' title="bbox 96 1796 1920 1871; baseline 0.002 -18"><span class='ocrx_word' id='word_1_130' title='bbox 96 1858 105 1866; x_wconf 58' lang='grc'><strong><em>,</em></strong></span> <span class='ocrx_word' id='word_1_131' title='bbox 184 1820 323 1854; x_wconf 78' lang='lat' dir='ltr'>vero</span> <span class='ocrx_word' id='word_1_132' title='bbox 363 1799 519 1853; x_wconf 85' lang='lat' dir='ltr'>fimul</span> <span class='ocrx_word' id='word_1_133' title='bbox 548 1808 603 1851; x_wconf 77' lang='lat' dir='ltr'>et</span> <span class='ocrx_word' id='word_1_134' title='bbox 634 1798 862 1851; x_wconf 78' lang='lat' dir='ltr'>tarditas</span> <span class='ocrx_word' id='word_1_135' title='bbox 900 1797 1277 1870; x_wconf 67' lang='lat' dir='ltr'>frequensque</span> <span class='ocrx_word' id='word_1_136' title='bbox 1313 1798 1589 1871; x_wconf 68' lang='lat' dir='ltr'>inquifitio</span> <span class='ocrx_word' id='word_1_137' title='bbox 1627 1799 1696 1853; x_wconf 83' lang='lat' dir='ltr'>ad</span> <span class='ocrx_word' id='word_1_138' title='bbox 1726 1796 1920 1856; x_wconf 63' lang='lat' dir='ltr'>decla&#39;-</span> 
     </span>
    </p>
   </div>
   <div class='ocr_carea' id='block_1_4' title="bbox 183 1883 1925 3236">
    <p class='ocr_par' dir='ltr' id='par_1_6' title="bbox 183 1883 1925 3236">
     <span class='ocr_line' id='line_1_20' title="bbox 183 1883 1917 1959; baseline 0.001 -18"><span class='ocrx_word' id='word_1_139' title='bbox 183 1885 424 1942; x_wconf 80' lang='lat' dir='ltr'>randam</span> <span class='ocrx_word' id='word_1_140' title='bbox 472 1883 901 1936; x_wconf 77' lang='lat' dir='ltr'>controversiam</span> <span class='ocrx_word' id='word_1_141' title='bbox 945 1884 1291 1950; x_wconf 76' lang='lat' dir='ltr'>conducunt3</span> <span class='ocrx_word' id='word_1_142' title='bbox 1359 1884 1622 1954; x_wconf 80' lang='lat' dir='ltr'>quocirca</span> <span class='ocrx_word' id='word_1_143' title='bbox 1664 1888 1917 1959; x_wconf 85' lang='lat' dir='ltr'>primum</span> 
     </span>
     <span class='ocr_line' id='line_1_21' title="bbox 186 1966 1921 2039; baseline 0.001 -13"><span class='ocrx_word' id='word_1_144' title='bbox 186 1972 256 2026; x_wconf 82' lang='lat' dir='ltr'>ad</span> <span class='ocrx_word' id='word_1_145' title='bbox 285 1970 498 2025; x_wconf 81' lang='lat' dir='ltr'>vicinos</span> <span class='ocrx_word' id='word_1_146' title='bbox 526 1970 579 2021; x_wconf 90' lang='lat' dir='ltr'>se</span> <span class='ocrx_word' id='word_1_147' title='bbox 613 1977 941 2021; x_wconf 83' lang='lat' dir='ltr'>convertere</span> <span class='ocrx_word' id='word_1_148' title='bbox 974 1966 1175 2021; x_wconf 85' lang='lat' dir='ltr'>debent</span> <span class='ocrx_word' id='word_1_149' title='bbox 1199 1968 1294 2039; x_wconf 86' lang='lat' dir='ltr'>qui</span> <span class='ocrx_word' id='word_1_150' title='bbox 1319 1967 1470 2022; x_wconf 83' lang='lat' dir='ltr'>inter</span> <span class='ocrx_word' id='word_1_151' title='bbox 1493 1970 1550 2022; x_wconf 87' lang='lat' dir='ltr'>se</span> <span class='ocrx_word' id='word_1_152' title='bbox 1579 1974 1838 2027; x_wconf 83' lang='lat' dir='ltr'>accusant</span> <span class='ocrx_word' id='word_1_153' title='bbox 1864 1984 1921 2028; x_wconf 87' lang='lat' dir='ltr'>et</span> 
     </span>
     <span class='ocr_line' id='line_1_22' title="bbox 186 2043 1922 2123; baseline 0 -13"><span class='ocrx_word' id='word_1_154' title='bbox 186 2056 259 2110; x_wconf 83' lang='lat' dir='ltr'>ad</span> <span class='ocrx_word' id='word_1_155' title='bbox 283 2056 491 2110; x_wconf 79' lang='lat' dir='ltr'>amicos</span> <span class='ocrx_word' id='word_1_156' title='bbox 518 2053 861 2123; x_wconf 87' lang='lat' dir='ltr'>scientesque</span> <span class='ocrx_word' id='word_1_157' title='bbox 889 2069 1057 2123; x_wconf 89' lang='lat' dir='ltr'>quam</span> <span class='ocrx_word' id='word_1_158' title='bbox 1085 2052 1334 2107; x_wconf 78' lang='lat' dir='ltr'>maxime</span> <span class='ocrx_word' id='word_1_159' title='bbox 1358 2043 1554 2107; x_wconf 86' lang='lat' dir='ltr'>rerum</span> <span class='ocrx_word' id='word_1_160' title='bbox 1580 2065 1922 2110; x_wconf 84' lang='lat' dir='ltr'>controver-</span> 
     </span>
     <span class='ocr_line' id='line_1_23' title="bbox 186 2137 1922 2211; baseline -0.001 -15"><span class='ocrx_word' id='word_1_161' title='bbox 186 2144 404 2208; x_wconf 83' lang='lat' dir='ltr'>sarum3</span> <span class='ocrx_word' id='word_1_162' title='bbox 441 2138 632 2210; x_wconf 84' lang='lat' dir='ltr'>quodfi</span> <span class='ocrx_word' id='word_1_163' title='bbox 656 2137 806 2211; x_wconf 87' lang='lat' dir='ltr'>apud</span> <span class='ocrx_word' id='word_1_164' title='bbox 829 2137 931 2191; x_wconf 87' lang='lat' dir='ltr'>hos</span> <span class='ocrx_word' id='word_1_165' title='bbox 955 2138 1150 2193; x_wconf 78' lang='lat' dir='ltr'>iustam</span> <span class='ocrx_word' id='word_1_166' title='bbox 1178 2137 1634 2192; x_wconf 75' lang='lat' dir='ltr'>diiudicationem</span> <span class='ocrx_word' id='word_1_167' title='bbox 1674 2158 1790 2194; x_wconf 84' lang='lat' dir='ltr'>non</span> <span class='ocrx_word' id='word_1_168' title='bbox 1819 2161 1922 2195; x_wconf 82' lang='lat' dir='ltr'>ac·-</span> 
     </span>
     <span class='ocr_line' id='line_1_24' title="bbox 188 2221 1920 2301; baseline -0.001 -20"><span class='ocrx_word' id='word_1_169' title='bbox 188 2228 365 2301; x_wconf 84' lang='lat' dir='ltr'>cepit‚</span> <span class='ocrx_word' id='word_1_170' title='bbox 419 2224 489 2278; x_wconf 84' lang='lat' dir='ltr'>ad</span> <span class='ocrx_word' id='word_1_171' title='bbox 532 2225 678 2277; x_wconf 88' lang='lat' dir='ltr'>aliud</span> <span class='ocrx_word' id='word_1_172' title='bbox 727 2222 996 2277; x_wconf 89' lang='lat' dir='ltr'>iudicium</span> <span class='ocrx_word' id='word_1_173' title='bbox 1037 2223 1315 2290; x_wconf 85' lang='lat' dir='ltr'>aceedito3</span> <span class='ocrx_word' id='word_1_174' title='bbox 1364 2221 1594 2278; x_wconf 77' lang='lat' dir='ltr'>tertium</span> <span class='ocrx_word' id='word_1_175' title='bbox 1627 2235 1844 2294; x_wconf 72' lang='lat' dir='ltr'>autem,</span> <span class='ocrx_word' id='word_1_176' title='bbox 1882 2228 1920 2280; x_wconf 85' lang='lat' dir='ltr'><strong>fi</strong></span> 
     </span>
     <span class='ocr_line' id='line_1_25' title="bbox 191 2308 1924 2381; baseline -0.001 -15"><span class='ocrx_word' id='word_1_177' title='bbox 191 2313 303 2367; x_wconf 87' lang='lat' dir='ltr'>duo</span> <span class='ocrx_word' id='word_1_178' title='bbox 336 2311 536 2365; x_wconf 86' lang='lat' dir='ltr'>iudicia</span> <span class='ocrx_word' id='word_1_179' title='bbox 574 2327 687 2363; x_wconf 88' lang='lat' dir='ltr'>non</span> <span class='ocrx_word' id='word_1_180' title='bbox 714 2318 1023 2381; x_wconf 80' lang='lat' dir='ltr'>potuerunt</span> <span class='ocrx_word' id='word_1_181' title='bbox 1056 2310 1482 2364; x_wconf 78' lang='lat' dir='ltr'>controversiam</span> <span class='ocrx_word' id='word_1_182' title='bbox 1517 2308 1810 2378; x_wconf 84' lang='lat' dir='ltr'>dirimere,</span> <span class='ocrx_word' id='word_1_183' title='bbox 1849 2311 1924 2365; x_wconf 87' lang='lat' dir='ltr'>fi·-</span> 
     </span>
     <span class='ocr_line' id='line_1_26' title="bbox 189 2393 1923 2469; baseline -0.001 -17"><span class='ocrx_word' id='word_1_184' title='bbox 189 2416 326 2452; x_wconf 86' lang='lat' dir='ltr'>nem</span> <span class='ocrx_word' id='word_1_185' title='bbox 350 2394 623 2466; x_wconf 83' lang='lat' dir='ltr'>imponito</span> <span class='ocrx_word' id='word_1_186' title='bbox 650 2395 750 2449; x_wconf 82' lang='lat' dir='ltr'>liti.</span> <span class='ocrx_word' id='word_1_187' title='bbox 826 2394 1261 2469; x_wconf 86' lang='lat' dir='ltr'>Quodammodo</span> <span class='ocrx_word' id='word_1_188' title='bbox 1285 2394 1458 2465; x_wconf 85' lang='lat' dir='ltr'>igitur</span> <span class='ocrx_word' id='word_1_189' title='bbox 1480 2393 1647 2449; x_wconf 84' lang='lat' dir='ltr'>etiam</span> <span class='ocrx_word' id='word_1_190' title='bbox 1673 2395 1923 2450; x_wconf 89' lang='lat' dir='ltr'>iudicio—</span> 
     </span>
     <span class='ocr_line' id='line_1_27' title="bbox 188 2477 1924 2551; baseline -0.003 -14"><span class='ocrx_word' id='word_1_191' title='bbox 188 2501 323 2537; x_wconf 86' lang='lat' dir='ltr'>rum</span> <span class='ocrx_word' id='word_1_192' title='bbox 354 2480 764 2534; x_wconf 77' lang='lat' dir='ltr'>constitutiones</span> <span class='ocrx_word' id='word_1_193' title='bbox 795 2480 1212 2549; x_wconf 85' lang='lat' dir='ltr'>magistratuum</span> <span class='ocrx_word' id='word_1_194' title='bbox 1239 2480 1366 2532; x_wconf 86' lang='lat' dir='ltr'>funt</span> <span class='ocrx_word' id='word_1_195' title='bbox 1398 2477 1726 2540; x_wconf 78' lang='lat' dir='ltr'>creationes;</span> <span class='ocrx_word' id='word_1_196' title='bbox 1766 2480 1924 2551; x_wconf 87' lang='lat' dir='ltr'>quis-</span> 
     </span>
     <span class='ocr_line' id='line_1_28' title="bbox 190 2563 1925 2639; baseline -0.001 -19"><span class='ocrx_word' id='word_1_197' title='bbox 190 2585 303 2639; x_wconf 89' lang='lat' dir='ltr'>que</span> <span class='ocrx_word' id='word_1_198' title='bbox 326 2566 474 2620; x_wconf 89' lang='lat' dir='ltr'>enim</span> <span class='ocrx_word' id='word_1_199' title='bbox 498 2566 843 2637; x_wconf 80' lang='lat' dir='ltr'>magistratus</span> <span class='ocrx_word' id='word_1_200' title='bbox 866 2566 1036 2619; x_wconf 75' lang='lat' dir='ltr'>etiam</span> <span class='ocrx_word' id='word_1_201' title='bbox 1059 2564 1230 2619; x_wconf 87' lang='lat' dir='ltr'>iudex</span> <span class='ocrx_word' id='word_1_202' title='bbox 1253 2565 1314 2616; x_wconf 85' lang='lat' dir='ltr'>fit</span> <span class='ocrx_word' id='word_1_203' title='bbox 1335 2563 1686 2633; x_wconf 87' lang='lat' dir='ltr'>quorundam</span> <span class='ocrx_word' id='word_1_204' title='bbox 1712 2569 1925 2619; x_wconf 86' lang='lat' dir='ltr'>necesse</span> 
     </span>
     <span class='ocr_line' id='line_1_29' title="bbox 193 2648 1922 2722; baseline -0.001 -16"><span class='ocrx_word' id='word_1_205' title='bbox 193 2655 283 2715; x_wconf 85' lang='lat' dir='ltr'>est,</span> <span class='ocrx_word' id='word_1_206' title='bbox 330 2652 507 2705; x_wconf 85' lang='lat' dir='ltr'>iudex</span> <span class='ocrx_word' id='word_1_207' title='bbox 532 2670 668 2704; x_wconf 87' lang='lat' dir='ltr'>vero</span> <span class='ocrx_word' id='word_1_208' title='bbox 703 2670 821 2704; x_wconf 88' lang='lat' dir='ltr'>non</span> <span class='ocrx_word' id='word_1_209' title='bbox 855 2653 928 2704; x_wconf 91' lang='lat' dir='ltr'>est</span> <span class='ocrx_word' id='word_1_210' title='bbox 964 2649 1328 2722; x_wconf 77' lang='lat' dir='ltr'>magistratus,</span> <span class='ocrx_word' id='word_1_211' title='bbox 1377 2650 1471 2702; x_wconf 81' lang='lat' dir='ltr'>etfi</span> <span class='ocrx_word' id='word_1_212' title='bbox 1506 2648 1922 2720; x_wconf 84' lang='lat' dir='ltr'>quodammodo</span> 
     </span>
     <span class='ocr_line' id='line_1_30' title="bbox 194 2733 1925 2806; baseline -0.002 -14"><span class='ocrx_word' id='word_1_213' title='bbox 194 2737 540 2806; x_wconf 79' lang='lat' dir='ltr'>magistratus</span> <span class='ocrx_word' id='word_1_214' title='bbox 556 2738 708 2792; x_wconf 85' lang='lat' dir='ltr'>haud</span> <span class='ocrx_word' id='word_1_215' title='bbox 743 2739 873 2791; x_wconf 83' lang='lat' dir='ltr'>sane</span> <span class='ocrx_word' id='word_1_216' title='bbox 897 2734 1026 2788; x_wconf 81' lang='lat' dir='ltr'>vilis</span> <span class='ocrx_word' id='word_1_217' title='bbox 1052 2737 1123 2787; x_wconf 88' lang='lat' dir='ltr'>est</span> <span class='ocrx_word' id='word_1_218' title='bbox 1154 2755 1218 2788; x_wconf 92' lang='lat' dir='ltr'>eo</span> <span class='ocrx_word' id='word_1_219' title='bbox 1246 2735 1336 2787; x_wconf 90' lang='lat' dir='ltr'>die</span> <span class='ocrx_word' id='word_1_220' title='bbox 1363 2753 1471 2806; x_wconf 89' lang='lat' dir='ltr'>quo</span> <span class='ocrx_word' id='word_1_221' title='bbox 1491 2733 1741 2790; x_wconf 73' lang='lat' dir='ltr'>iudicans</span> <span class='ocrx_word' id='word_1_222' title='bbox 1765 2735 1925 2789; x_wconf 80' lang='lat' dir='ltr'>litem</span> 
     </span>
     <span class='ocr_line' id='line_1_31' title="bbox 198 2820 1924 2893; baseline -0.001 -19"><span class='ocrx_word' id='word_1_223' title='bbox 198 2821 445 2875; x_wconf 81' lang='lat' dir='ltr'>absolvit.</span> <span class='ocrx_word' id='word_1_224' title='bbox 458 2832 726 2892; x_wconf 79' lang='lat' dir='ltr'>ponentes</span> <span class='ocrx_word' id='word_1_225' title='bbox 739 2821 909 2892; x_wconf 81' lang='lat' dir='ltr'>igitur</span> <span class='ocrx_word' id='word_1_226' title='bbox 925 2820 1130 2875; x_wconf 85' lang='lat' dir='ltr'>iudices</span> <span class='ocrx_word' id='word_1_227' title='bbox 1145 2840 1245 2893; x_wconf 83' lang='lat' dir='ltr'>pro</span> <span class='ocrx_word' id='word_1_228' title='bbox 1262 2820 1657 2892; x_wconf 83' lang='lat' dir='ltr'>magistratibus</span> <span class='ocrx_word' id='word_1_229' title='bbox 1672 2820 1924 2874; x_wconf 79' lang='lat' dir='ltr'>dicamus</span> 
     </span>
     <span class='ocr_line' id='line_1_32' title="bbox 200 2903 1925 2978; baseline -0.002 -19"><span class='ocrx_word' id='word_1_230' title='bbox 200 2907 428 2977; x_wconf 86' lang='lat' dir='ltr'>quinam</span> <span class='ocrx_word' id='word_1_231' title='bbox 465 2906 566 2958; x_wconf 75' lang='lat' dir='ltr'>sint</span> <span class='ocrx_word' id='word_1_232' title='bbox 603 2907 1030 2974; x_wconf 81' lang='lat' dir='ltr'>convenientes,</span> <span class='ocrx_word' id='word_1_233' title='bbox 1093 2925 1334 2978; x_wconf 87' lang='lat' dir='ltr'>quarum</span> <span class='ocrx_word' id='word_1_234' title='bbox 1380 2923 1571 2958; x_wconf 88' lang='lat' dir='ltr'>rerum</span> <span class='ocrx_word' id='word_1_235' title='bbox 1620 2903 1829 2957; x_wconf 77' lang='lat' dir='ltr'>iudices</span> <span class='ocrx_word' id='word_1_236' title='bbox 1868 2912 1925 2956; x_wconf 91' lang='lat' dir='ltr'>et</span> 
     </span>
     <span class='ocr_line' id='line_1_33' title="bbox 202 2986 1925 3062; baseline -0.002 -17"><span class='ocrx_word' id='word_1_237' title='bbox 202 3001 340 3062; x_wconf 87' lang='lat' dir='ltr'>quot</span> <span class='ocrx_word' id='word_1_238' title='bbox 363 2990 423 3044; x_wconf 89' lang='lat' dir='ltr'>in</span> <span class='ocrx_word' id='word_1_239' title='bbox 446 3008 680 3060; x_wconf 90' lang='lat' dir='ltr'>quaque.</span> <span class='ocrx_word' id='word_1_240' title='bbox 706 2994 952 3047; x_wconf 85' lang='lat' dir='ltr'>maxime</span> <span class='ocrx_word' id='word_1_241' title='bbox 975 3010 1113 3046; x_wconf 80' lang='lat' dir='ltr'>¹vero</span> <span class='ocrx_word' id='word_1_242' title='bbox 1140 3001 1328 3046; x_wconf 86' lang='lat' dir='ltr'>ratum</span> <span class='ocrx_word' id='word_1_243' title='bbox 1352 2988 1457 3042; x_wconf 84' lang='lat' dir='ltr'>erit</span> <span class='ocrx_word' id='word_1_244' title='bbox 1479 2987 1744 3042; x_wconf 88' lang='lat' dir='ltr'>iudicium</span> <span class='ocrx_word' id='word_1_245' title='bbox 1768 2986 1925 3058; x_wconf 91' lang='lat' dir='ltr'>quod</span> 
     </span>
     <span class='ocr_line' id='line_1_34' title="bbox 203 3063 1925 3149; baseline -0.003 -20"><span class='ocrx_word' id='word_1_246' title='bbox 203 3076 302 3130; x_wconf 81' lang='lat' dir='ltr'>fibi</span> <span class='ocrx_word' id='word_1_247' title='bbox 326 3076 420 3149; x_wconf 74' lang='lat' dir='ltr'>ipsi</span> <span class='ocrx_word' id='word_1_248' title='bbox 445 3076 679 3128; x_wconf 86' lang='lat' dir='ltr'>statuent</span> <span class='ocrx_word' id='word_1_249' title='bbox 713 3076 1015 3148; x_wconf 75' lang='lat' dir='ltr'>litigantes,</span> <span class='ocrx_word' id='word_1_250' title='bbox 1061 3063 1439 3132; x_wconf 68' lang='lat' dir='ltr'>communiter</span> <span class='ocrx_word' id='word_1_251' title='bbox 1476 3071 1689 3144; x_wconf 80' lang='lat' dir='ltr'>aliquos</span> <span class='ocrx_word' id='word_1_252' title='bbox 1714 3071 1925 3143; x_wconf 85' lang='lat' dir='ltr'>eligen-</span> 
     </span>
     <span class='ocr_line' id='line_1_35' title="bbox 201 3156 1924 3236; baseline -0.003 -21"><span class='ocrx_word' id='word_1_253' title='bbox 201 3172 316 3230; x_wconf 76' lang='lat' dir='ltr'>tes3</span> <span class='ocrx_word' id='word_1_254' title='bbox 352 3160 464 3216; x_wconf 84' lang='lat' dir='ltr'>duo</span> <span class='ocrx_word' id='word_1_255' title='bbox 490 3159 699 3233; x_wconf 76' lang='lat' dir='ltr'>reliqua</span> <span class='ocrx_word' id='word_1_256' title='bbox 720 3162 878 3236; x_wconf 84' lang='lat' dir='ltr'>sunto</span> <span class='ocrx_word' id='word_1_257' title='bbox 898 3161 1118 3234; x_wconf 86' lang='lat' dir='ltr'>iudicia,</span> <span class='ocrx_word' id='word_1_258' title='bbox 1153 3178 1352 3228; x_wconf 89' lang='lat' dir='ltr'>unum,</span> <span class='ocrx_word' id='word_1_259' title='bbox 1393 3159 1430 3211; x_wconf 82' lang='lat' dir='ltr'>fi</span> <span class='ocrx_word' id='word_1_260' title='bbox 1455 3156 1580 3228; x_wconf 84' lang='lat' dir='ltr'>quis</span> <span class='ocrx_word' id='word_1_261' title='bbox 1602 3175 1770 3231; x_wconf 87' lang='lat' dir='ltr'>quem</span> <span class='ocrx_word' id='word_1_262' title='bbox 1799 3156 1924 3230; x_wconf 82' lang='lat' dir='ltr'>pri-</span> 
     </span>
    </p>
   </div>
  </div>
 </body>
</html>
