<?xml version="1.0" encoding="UTF-8"?>
<!DOCTYPE html PUBLIC "-//W3C//DTD XHTML 1.0 Transitional//EN"
    "http://www.w3.org/TR/xhtml1/DTD/xhtml1-transitional.dtd">
<html xmlns="http://www.w3.org/1999/xhtml" xml:lang="en" lang="en">
 <head>
  <title>
</title>
<meta http-equiv="Content-Type" content="text/html;charset=utf-8" />
  <meta name='ocr-system' content='tesseract 3.04.00' />
  <meta name='ocr-capabilities' content='ocr_page ocr_carea ocr_par ocr_line ocrx_word'/>
</head>
<body>
  <div class='ocr_page' id='page_1' title='image "./quaeexstantopera06plat_0321.png"; bbox 0 0 2132 3652; ppageno 0'>
   <div class='ocr_carea' id='block_1_1' title="bbox 0 0 124 130">
    <p class='ocr_par' dir='ltr' id='par_1_1' title="bbox 0 0 124 130">
     <span class='ocr_line' id='line_1_1' title="bbox 0 0 124 130; baseline 0 3522"><span class='ocrx_word' id='word_1_1' title='bbox 0 0 124 130; x_wconf 95' lang='lat' dir='ltr'><strong> </strong></span> 
     </span>
    </p>
   </div>
   <div class='ocr_carea' id='block_1_2' title="bbox 778 168 1946 303">
    <p class='ocr_par' dir='ltr' id='par_1_2' title="bbox 778 168 1946 303">
     <span class='ocr_line' id='line_1_2' title="bbox 778 168 1946 303; baseline -0.001 -24"><span class='ocrx_word' id='word_1_2' title='bbox 778 168 1204 279; x_wconf 21' lang='lat' dir='ltr'><strong>*LEGES</strong></span> <span class='ocrx_word' id='word_1_3' title='bbox 1277 221 1351 278; x_wconf 85' lang='lat' dir='ltr'><strong>v.</strong></span> <span class='ocrx_word' id='word_1_4' title='bbox 1842 221 1946 303; x_wconf 63' lang='lat'><strong>3²5</strong></span> 
     </span>
    </p>
   </div>
   <div class='ocr_carea' id='block_1_3' title="bbox 157 363 1997 3077">
    <p class='ocr_par' dir='ltr' id='par_1_3' title="bbox 214 363 1997 949">
     <span class='ocr_line' id='line_1_3' title="bbox 214 363 1997 445; baseline -0.002 -23"><span class='ocrx_word' id='word_1_5' title='bbox 214 367 523 445; x_wconf 76' lang='lat' dir='ltr'><strong>poffideant</strong></span> <span class='ocrx_word' id='word_1_6' title='bbox 547 365 865 421; x_wconf 68' lang='lat' dir='ltr'><strong>utensilium</strong></span> <span class='ocrx_word' id='word_1_7' title='bbox 891 364 1333 420; x_wconf 86' lang='lat' dir='ltr'><strong>immoderatum</strong></span> <span class='ocrx_word' id='word_1_8' title='bbox 1377 363 1513 417; x_wconf 87' lang='lat' dir='ltr'><strong>finat</strong></span> <span class='ocrx_word' id='word_1_9' title='bbox 1536 367 1658 425; x_wconf 79' lang='lat' dir='ltr'><strong>effe,</strong></span> <span class='ocrx_word' id='word_1_10' title='bbox 1697 372 1754 419; x_wconf 84' lang='lat' dir='ltr'><strong>et</strong></span> <span class='ocrx_word' id='word_1_11' title='bbox 1785 381 1950 418; x_wconf 86' lang='lat' dir='ltr'><strong>com-</strong></span> <span class='ocrx_word' id='word_1_12' title='bbox 1989 375 1997 396; x_wconf 82' lang='lat'>⁸</span> 
     </span>
     <span class='ocr_line' id='line_1_4' title="bbox 215 446 1950 509; baseline -0.003 0"><span class='ocrx_word' id='word_1_13' title='bbox 215 453 377 509; x_wconf 85' lang='lat' dir='ltr'><strong>muni</strong></span> <span class='ocrx_word' id='word_1_14' title='bbox 404 452 625 506; x_wconf 84' lang='lat' dir='ltr'><strong>ratione</strong></span> <span class='ocrx_word' id='word_1_15' title='bbox 659 451 877 504; x_wconf 84' lang='lat' dir='ltr'><strong>censeat</strong></span> <span class='ocrx_word' id='word_1_16' title='bbox 909 449 978 504; x_wconf 86' lang='lat' dir='ltr'><strong>ad</strong></span> <span class='ocrx_word' id='word_1_17' title='bbox 1024 449 1212 503; x_wconf 90' lang='lat' dir='ltr'><strong>omnia</strong></span> <span class='ocrx_word' id='word_1_18' title='bbox 1251 452 1356 505; x_wconf 82' lang='lat' dir='ltr'><strong>effe</strong></span> <span class='ocrx_word' id='word_1_19' title='bbox 1383 446 1551 503; x_wconf 83' lang='lat' dir='ltr'><strong>utiles</strong></span> <span class='ocrx_word' id='word_1_20' title='bbox 1571 466 1950 503; x_wconf 88' lang='lat' dir='ltr'><strong>numerorum</strong></span> 
     </span>
     <span class='ocr_line' id='line_1_5' title="bbox 214 533 1951 608; baseline -0.002 -16"><span class='ocrx_word' id='word_1_21' title='bbox 214 536 628 592; x_wconf 74' lang='lat' dir='ltr'><strong>distributiones</strong></span> <span class='ocrx_word' id='word_1_22' title='bbox 659 554 723 589; x_wconf 85' lang='lat' dir='ltr'><strong>ae</strong></span> <span class='ocrx_word' id='word_1_23' title='bbox 762 534 1058 590; x_wconf 83' lang='lat' dir='ltr'><strong>varietates</strong></span> <span class='ocrx_word' id='word_1_24' title='bbox 1105 543 1220 588; x_wconf 87' lang='lat' dir='ltr'><strong>tam</strong></span> <span class='ocrx_word' id='word_1_25' title='bbox 1259 534 1407 591; x_wconf 82' lang='lat' dir='ltr'><strong>inter</strong></span> <span class='ocrx_word' id='word_1_26' title='bbox 1436 533 1585 608; x_wconf 81' lang='lat' dir='ltr'><strong>ipsos</strong></span> <span class='ocrx_word' id='word_1_27' title='bbox 1629 534 1951 608; x_wconf 85' lang='lat' dir='ltr'><strong>conspicuas</strong></span> 
     </span>
     <span class='ocr_line' id='line_1_6' title="bbox 215 618 1948 695; baseline -0.003 -19"><span class='ocrx_word' id='word_1_28' title='bbox 215 641 388 695; x_wconf 81' lang='lat' dir='ltr'><strong>quam</strong></span> <span class='ocrx_word' id='word_1_29' title='bbox 422 622 483 676; x_wconf 89' lang='lat' dir='ltr'><strong>in</strong></span> <span class='ocrx_word' id='word_1_30' title='bbox 525 620 965 693; x_wconf 83' lang='lat' dir='ltr'>longitudinibus</span> <span class='ocrx_word' id='word_1_31' title='bbox 1013 628 1069 672; x_wconf 90' lang='lat' dir='ltr'><strong>et</strong></span> <span class='ocrx_word' id='word_1_32' title='bbox 1110 618 1524 689; x_wconf 79' lang='lat' dir='ltr'><strong>altitudinibus,</strong></span> <span class='ocrx_word' id='word_1_33' title='bbox 1573 627 1743 691; x_wconf 83' lang='lat' dir='ltr'><strong>atque</strong></span> <span class='ocrx_word' id='word_1_34' title='bbox 1779 619 1948 672; x_wconf 81' lang='lat' dir='ltr'><strong>etiam</strong></span> 
     </span>
     <span class='ocr_line' id='line_1_7' title="bbox 214 704 1951 778; baseline -0.002 -19"><span class='ocrx_word' id='word_1_35' title='bbox 214 704 278 760; x_wconf 90' lang='lat' dir='ltr'><strong>in</strong></span> <span class='ocrx_word' id='word_1_36' title='bbox 304 705 448 759; x_wconf 88' lang='lat' dir='ltr'><strong>sonis</strong></span> <span class='ocrx_word' id='word_1_37' title='bbox 484 714 541 760; x_wconf 84' lang='lat' dir='ltr'><strong>et</strong></span> <span class='ocrx_word' id='word_1_38' title='bbox 574 705 947 776; x_wconf 85' lang='lat' dir='ltr'><strong>motionibus,</strong></span> <span class='ocrx_word' id='word_1_39' title='bbox 999 715 1114 760; x_wconf 87' lang='lat' dir='ltr'><strong>tam</strong></span> <span class='ocrx_word' id='word_1_40' title='bbox 1152 704 1222 759; x_wconf 86' lang='lat' dir='ltr'><strong>iis</strong></span> <span class='ocrx_word' id='word_1_41' title='bbox 1263 724 1407 778; x_wconf 87' lang='lat' dir='ltr'><strong>quae</strong></span> <span class='ocrx_word' id='word_1_42' title='bbox 1447 713 1600 765; x_wconf 82' lang='lat' dir='ltr'><strong>recta</strong></span> <span class='ocrx_word' id='word_1_43' title='bbox 1640 704 1858 759; x_wconf 85' lang='lat' dir='ltr'><strong>sursum</strong></span> <span class='ocrx_word' id='word_1_44' title='bbox 1893 714 1951 756; x_wconf 87' lang='lat' dir='ltr'><strong>et</strong></span> 
     </span>
     <span class='ocr_line' id='line_1_8' title="bbox 218 786 1954 863; baseline -0.002 -18"><span class='ocrx_word' id='word_1_45' title='bbox 218 790 478 845; x_wconf 88' lang='lat' dir='ltr'><strong>deorsum</strong></span> <span class='ocrx_word' id='word_1_46' title='bbox 498 801 847 863; x_wconf 83' lang='lat' dir='ltr'><strong>peraguntur</strong></span> <span class='ocrx_word' id='word_1_47' title='bbox 872 809 1042 863; x_wconf 90' lang='lat' dir='ltr'><strong>quam</strong></span> <span class='ocrx_word' id='word_1_48' title='bbox 1061 791 1132 845; x_wconf 89' lang='lat' dir='ltr'><strong>iis</strong></span> <span class='ocrx_word' id='word_1_49' title='bbox 1159 809 1303 863; x_wconf 83' lang='lat' dir='ltr'><strong>quae</strong></span> <span class='ocrx_word' id='word_1_50' title='bbox 1325 790 1387 843; x_wconf 88' lang='lat' dir='ltr'><strong>in</strong></span> <span class='ocrx_word' id='word_1_51' title='bbox 1422 788 1618 842; x_wconf 88' lang='lat' dir='ltr'><strong>orbem</strong></span> <span class='ocrx_word' id='word_1_52' title='bbox 1645 786 1954 844; x_wconf 84' lang='lat' dir='ltr'><strong>circumfe-</strong></span> 
     </span>
     <span class='ocr_line' id='line_1_9' title="bbox 214 875 1951 949; baseline -0.002 -17"><span class='ocrx_word' id='word_1_53' title='bbox 214 885 455 940; x_wconf 78' lang='lat' dir='ltr'><strong>runtur3</strong></span> <span class='ocrx_word' id='word_1_54' title='bbox 493 877 630 931; x_wconf 86' lang='lat' dir='ltr'><strong>haec</strong></span> <span class='ocrx_word' id='word_1_55' title='bbox 663 878 810 931; x_wconf 87' lang='lat' dir='ltr'><strong>enim</strong></span> <span class='ocrx_word' id='word_1_56' title='bbox 841 877 1035 931; x_wconf 87' lang='lat' dir='ltr'><strong>omnia</strong></span> <span class='ocrx_word' id='word_1_57' title='bbox 1075 875 1467 949; x_wconf 74' lang='lat' dir='ltr'><strong>respicientem</strong></span> <span class='ocrx_word' id='word_1_58' title='bbox 1505 884 1730 947; x_wconf 82' lang='lat' dir='ltr'><strong>oportet</strong></span> <span class='ocrx_word' id='word_1_59' title='bbox 1760 876 1951 947; x_wconf 86' lang='lat' dir='ltr'><strong>legum</strong></span> 
     </span>
    </p>

    <p class='ocr_par' dir='ltr' id='par_1_4' title="bbox 157 950 1995 3077">
     <span class='ocr_line' id='line_1_10' title="bbox 214 950 1995 1035; baseline -0.003 -18"><span class='ocrx_word' id='word_1_60' title='bbox 214 962 453 1017; x_wconf 87' lang='lat' dir='ltr'><strong>latorem</strong></span> <span class='ocrx_word' id='word_1_61' title='bbox 503 962 829 1035; x_wconf 82' lang='lat' dir='ltr'><strong>praecipere</strong></span> <span class='ocrx_word' id='word_1_62' title='bbox 888 962 1103 1017; x_wconf 88' lang='lat' dir='ltr'><strong>civibus</strong></span> <span class='ocrx_word' id='word_1_63' title='bbox 1149 961 1413 1017; x_wconf 82' lang='lat' dir='ltr'><strong>omnibus</strong></span> <span class='ocrx_word' id='word_1_64' title='bbox 1462 966 1567 1032; x_wconf 89' lang='lat' dir='ltr'><strong>pro</strong></span> <span class='ocrx_word' id='word_1_65' title='bbox 1610 958 1830 1013; x_wconf 84' lang='lat' dir='ltr'><strong>viribus</strong></span> <span class='ocrx_word' id='word_1_66' title='bbox 1878 977 1952 1011; x_wconf 86' lang='lat' dir='ltr'><strong>ne</strong></span> <span class='ocrx_word' id='word_1_67' title='bbox 1991 950 1995 956; x_wconf 70' lang='grc'>’</span> 
     </span>
     <span class='ocr_line' id='line_1_11' title="bbox 217 1044 1950 1122; baseline -0.002 -23"><span class='ocrx_word' id='word_1_68' title='bbox 217 1046 502 1099; x_wconf 87' lang='lat' dir='ltr'><strong>discedant</strong></span> <span class='ocrx_word' id='word_1_69' title='bbox 532 1047 603 1100; x_wconf 87' lang='lat' dir='ltr'><strong>ob</strong></span> <span class='ocrx_word' id='word_1_70' title='bbox 641 1049 845 1103; x_wconf 88' lang='lat' dir='ltr'><strong>horum</strong></span> <span class='ocrx_word' id='word_1_71' title='bbox 883 1047 1251 1122; x_wconf 82' lang='lat' dir='ltr'><strong>descriptione</strong></span> <span class='ocrx_word' id='word_1_72' title='bbox 1287 1056 1342 1102; x_wconf 86' lang='lat' dir='ltr'><strong>et</strong></span> <span class='ocrx_word' id='word_1_73' title='bbox 1376 1045 1604 1112; x_wconf 82' lang='lat' dir='ltr'><strong>ordine3</strong></span> <span class='ocrx_word' id='word_1_74' title='bbox 1649 1044 1719 1097; x_wconf 89' lang='lat' dir='ltr'><strong>ad</strong></span> <span class='ocrx_word' id='word_1_75' title='bbox 1754 1060 1950 1097; x_wconf 87' lang='lat' dir='ltr'><strong>rerum</strong></span> 
     </span>
     <span class='ocr_line' id='line_1_12' title="bbox 220 1129 1975 1202; baseline -0.001 -19"><span class='ocrx_word' id='word_1_76' title='bbox 220 1131 373 1184; x_wconf 85' lang='lat' dir='ltr'><strong>enim</strong></span> <span class='ocrx_word' id='word_1_77' title='bbox 408 1132 830 1187; x_wconf 84' lang='lat' dir='ltr'><strong>domesticarum</strong></span> <span class='ocrx_word' id='word_1_78' title='bbox 862 1154 1056 1189; x_wconf 87' lang='lat' dir='ltr'><strong>curam</strong></span> <span class='ocrx_word' id='word_1_79' title='bbox 1097 1144 1154 1188; x_wconf 87' lang='lat' dir='ltr'><strong>et</strong></span> <span class='ocrx_word' id='word_1_80' title='bbox 1189 1134 1260 1188; x_wconf 88' lang='lat' dir='ltr'><strong>ad</strong></span> <span class='ocrx_word' id='word_1_81' title='bbox 1298 1132 1668 1202; x_wconf 19' lang='lat' dir='ltr'><strong>civitatem-et</strong></span> <span class='ocrx_word' id='word_1_82' title='bbox 1704 1129 1773 1182; x_wconf 89' lang='lat' dir='ltr'><strong>ad</strong></span> <span class='ocrx_word' id='word_1_83' title='bbox 1804 1138 1975 1193; x_wconf 62' lang='lat' dir='ltr'><strong>artes,</strong></span> 
     </span>
     <span class='ocr_line' id='line_1_13' title="bbox 221 1212 1952 1290; baseline -0.004 -18"><span class='ocrx_word' id='word_1_84' title='bbox 221 1234 420 1272; x_wconf 84' lang='lat' dir='ltr'><strong>omnes</strong></span> <span class='ocrx_word' id='word_1_85' title='bbox 444 1218 597 1271; x_wconf 89' lang='lat' dir='ltr'><strong>nulla</strong></span> <span class='ocrx_word' id='word_1_86' title='bbox 630 1228 746 1271; x_wconf 90' lang='lat' dir='ltr'><strong>tam</strong></span> <span class='ocrx_word' id='word_1_87' title='bbox 775 1237 1038 1290; x_wconf 88' lang='lat' dir='ltr'><strong>magnam</strong></span> <span class='ocrx_word' id='word_1_88' title='bbox 1054 1219 1219 1274; x_wconf 81' lang='lat' dir='ltr'><strong>habet</strong></span> <span class='ocrx_word' id='word_1_89' title='bbox 1241 1219 1361 1274; x_wconf 88' lang='lat' dir='ltr'><strong>vim</strong></span> <span class='ocrx_word' id='word_1_90' title='bbox 1385 1215 1620 1290; x_wconf 85' lang='lat' dir='ltr'><strong>puerilis</strong></span> <span class='ocrx_word' id='word_1_91' title='bbox 1643 1212 1952 1285; x_wconf 84' lang='lat' dir='ltr'><strong>disciplina,</strong></span> 
     </span>
     <span class='ocr_line' id='line_1_14' title="bbox 220 1299 1954 1373; baseline -0.002 -19"><span class='ocrx_word' id='word_1_92' title='bbox 220 1321 390 1373; x_wconf 88' lang='lat' dir='ltr'><strong>quam</strong></span> <span class='ocrx_word' id='word_1_93' title='bbox 434 1321 807 1357; x_wconf 88' lang='lat' dir='ltr'><strong>numerorum</strong></span> <span class='ocrx_word' id='word_1_94' title='bbox 846 1307 1116 1373; x_wconf 79' lang='lat' dir='ltr'><strong>studium3</strong></span> <span class='ocrx_word' id='word_1_95' title='bbox 1173 1305 1488 1360; x_wconf 80' lang='lat' dir='ltr'><strong>maximum</strong></span> <span class='ocrx_word' id='word_1_96' title='bbox 1538 1318 1686 1368; x_wconf 14' lang='lat' dir='ltr'><strong>vero*</strong></span> <span class='ocrx_word' id='word_1_97' title='bbox 1715 1299 1825 1352; x_wconf 87' lang='lat' dir='ltr'><strong>hoe</strong></span> <span class='ocrx_word' id='word_1_98' title='bbox 1861 1301 1954 1366; x_wconf 87' lang='lat' dir='ltr'><strong>est,</strong></span> 
     </span>
     <span class='ocr_line' id='line_1_15' title="bbox 221 1383 1953 1465; baseline -0.001 -27"><span class='ocrx_word' id='word_1_99' title='bbox 221 1387 366 1458; x_wconf 87' lang='lat' dir='ltr'><strong>quod</strong></span> <span class='ocrx_word' id='word_1_100' title='bbox 382 1388 781 1444; x_wconf 78' lang='lat' dir='ltr'><strong>dormitantem</strong></span> <span class='ocrx_word' id='word_1_101' title='bbox 802 1400 855 1443; x_wconf 86' lang='lat' dir='ltr'><strong>et</strong></span> <span class='ocrx_word' id='word_1_102' title='bbox 867 1401 1068 1445; x_wconf 88' lang='lat' dir='ltr'><strong>natura</strong></span> <span class='ocrx_word' id='word_1_103' title='bbox 1082 1391 1378 1465; x_wconf 76' lang='lat' dir='ltr'><strong>indocilem</strong></span> <span class='ocrx_word' id='word_1_104' title='bbox 1395 1386 1605 1442; x_wconf 81' lang='lat' dir='ltr'><strong>excitat</strong></span> <span class='ocrx_word' id='word_1_105' title='bbox 1618 1394 1674 1439; x_wconf 87' lang='lat' dir='ltr'><strong>et</strong></span> <span class='ocrx_word' id='word_1_106' title='bbox 1691 1383 1953 1451; x_wconf 87' lang='lat' dir='ltr'><strong>docilem,</strong></span> 
     </span>
     <span class='ocr_line' id='line_1_16' title="bbox 218 1472 1954 1550; baseline -0.002 -23"><span class='ocrx_word' id='word_1_107' title='bbox 218 1492 533 1531; x_wconf 82' lang='lat' dir='ltr'><strong>memorem</strong></span> <span class='ocrx_word' id='word_1_108' title='bbox 586 1474 945 1547; x_wconf 84' lang='lat' dir='ltr'><strong>sagacemque</strong></span> <span class='ocrx_word' id='word_1_109' title='bbox 994 1477 1183 1538; x_wconf 88' lang='lat' dir='ltr'><strong>efficit,</strong></span> <span class='ocrx_word' id='word_1_110' title='bbox 1235 1484 1463 1550; x_wconf 86' lang='lat' dir='ltr'><strong>praeter</strong></span> <span class='ocrx_word' id='word_1_111' title='bbox 1497 1480 1759 1527; x_wconf 84' lang='lat' dir='ltr'><strong>naturam</strong></span> <span class='ocrx_word' id='word_1_112' title='bbox 1795 1472 1954 1524; x_wconf 86' lang='lat' dir='ltr'><strong>suam</strong></span> 
     </span>
     <span class='ocr_line' id='line_1_17' title="bbox 217 1554 1954 1635; baseline 0 -26"><span class='ocrx_word' id='word_1_113' title='bbox 217 1556 605 1628; x_wconf 85' lang='lat' dir='ltr'><strong>proficientem</strong></span> <span class='ocrx_word' id='word_1_114' title='bbox 632 1559 824 1615; x_wconf 88' lang='lat' dir='ltr'><strong>divina</strong></span> <span class='ocrx_word' id='word_1_115' title='bbox 849 1572 987 1615; x_wconf 76' lang='lat' dir='ltr'><strong>arte.</strong></span> <span class='ocrx_word' id='word_1_116' title='bbox 1021 1562 1163 1616; x_wconf 90' lang='lat' dir='ltr'><strong>haec</strong></span> <span class='ocrx_word' id='word_1_117' title='bbox 1184 1561 1353 1633; x_wconf 81' lang='lat' dir='ltr'><strong>igitur</strong></span> <span class='ocrx_word' id='word_1_118' title='bbox 1379 1559 1590 1635; x_wconf 82' lang='lat' dir='ltr'><strong>omnia,</strong></span> <span class='ocrx_word' id='word_1_119' title='bbox 1624 1558 1663 1610; x_wconf 88' lang='lat' dir='ltr'><strong>fi</strong></span> <span class='ocrx_word' id='word_1_120' title='bbox 1685 1554 1808 1628; x_wconf 85' lang='lat' dir='ltr'><strong>quis</strong></span> <span class='ocrx_word' id='word_1_121' title='bbox 1833 1555 1954 1611; x_wconf 84' lang='lat' dir='ltr'><strong>aliis</strong></span> 
     </span>
     <span class='ocr_line' id='line_1_18' title="bbox 215 1641 1956 1714; baseline 0 -20"><span class='ocrx_word' id='word_1_122' title='bbox 215 1641 430 1712; x_wconf 89' lang='lat' dir='ltr'><strong>legibus</strong></span> <span class='ocrx_word' id='word_1_123' title='bbox 452 1652 617 1713; x_wconf 86' lang='lat' dir='ltr'><strong>atque</strong></span> <span class='ocrx_word' id='word_1_124' title='bbox 644 1644 898 1699; x_wconf 84' lang='lat' dir='ltr'><strong>institutis</strong></span> <span class='ocrx_word' id='word_1_125' title='bbox 920 1646 1127 1701; x_wconf 81' lang='lat' dir='ltr'><strong>eximat</strong></span> <span class='ocrx_word' id='word_1_126' title='bbox 1148 1645 1582 1701; x_wconf 87' lang='lat' dir='ltr'><strong>illiberalitatem</strong></span> <span class='ocrx_word' id='word_1_127' title='bbox 1609 1651 1664 1695; x_wconf 87' lang='lat' dir='ltr'><strong>et</strong></span> <span class='ocrx_word' id='word_1_128' title='bbox 1684 1642 1956 1714; x_wconf 85' lang='lat' dir='ltr'><strong>pecuniae</strong></span> 
     </span>
     <span class='ocr_line' id='line_1_19' title="bbox 220 1727 1958 1801; baseline -0.001 -19"><span class='ocrx_word' id='word_1_129' title='bbox 220 1727 586 1798; x_wconf 83' lang='lat' dir='ltr'><strong>cupiditatem</strong></span> <span class='ocrx_word' id='word_1_130' title='bbox 615 1747 685 1780; x_wconf 88' lang='lat' dir='ltr'><strong>ex</strong></span> <span class='ocrx_word' id='word_1_131' title='bbox 714 1730 912 1784; x_wconf 90' lang='lat' dir='ltr'><strong>animis</strong></span> <span class='ocrx_word' id='word_1_132' title='bbox 940 1751 1134 1786; x_wconf 89' lang='lat' dir='ltr'><strong>eorum</strong></span> <span class='ocrx_word' id='word_1_133' title='bbox 1161 1731 1260 1801; x_wconf 90' lang='lat' dir='ltr'><strong>qui</strong></span> <span class='ocrx_word' id='word_1_134' title='bbox 1283 1751 1348 1785; x_wconf 90' lang='lat' dir='ltr'><strong>ea</strong></span> <span class='ocrx_word' id='word_1_135' title='bbox 1367 1730 1494 1786; x_wconf 81' lang='lat' dir='ltr'><strong>satis</strong></span> <span class='ocrx_word' id='word_1_136' title='bbox 1515 1738 1569 1782; x_wconf 89' lang='lat' dir='ltr'><strong>et</strong></span> <span class='ocrx_word' id='word_1_137' title='bbox 1589 1727 1800 1782; x_wconf 86' lang='lat' dir='ltr'><strong>utiliter</strong></span> <span class='ocrx_word' id='word_1_138' title='bbox 1819 1746 1958 1799; x_wconf 89' lang='lat' dir='ltr'><strong>per-</strong></span> 
     </span>
     <span class='ocr_line' id='line_1_20' title="bbox 224 1811 1958 1887; baseline 0 -22"><span class='ocrx_word' id='word_1_139' title='bbox 224 1811 440 1882; x_wconf 83' lang='lat' dir='ltr'><strong>cepturi</strong></span> <span class='ocrx_word' id='word_1_140' title='bbox 456 1814 570 1876; x_wconf 71' lang='lat' dir='ltr'><strong>fint,</strong></span> <span class='ocrx_word' id='word_1_141' title='bbox 587 1813 856 1883; x_wconf 87' lang='lat' dir='ltr'><strong>pulchrae</strong></span> <span class='ocrx_word' id='word_1_142' title='bbox 870 1816 977 1868; x_wconf 84' lang='lat' dir='ltr'><strong>smt</strong></span> <span class='ocrx_word' id='word_1_143' title='bbox 1004 1814 1322 1886; x_wconf 88' lang='lat' dir='ltr'><strong>disciplinae</strong></span> <span class='ocrx_word' id='word_1_144' title='bbox 1344 1824 1509 1887; x_wconf 86' lang='lat' dir='ltr'><strong>atque</strong></span> <span class='ocrx_word' id='word_1_145' title='bbox 1531 1813 1958 1879; x_wconf 86' lang='lat' dir='ltr'><strong>convenientes;</strong></span> 
     </span>
     <span class='ocr_line' id='line_1_21' title="bbox 222 1897 1956 1972; baseline 0 -22"><span class='ocrx_word' id='word_1_146' title='bbox 222 1899 300 1950; x_wconf 82' lang='lat' dir='ltr'><strong>fin</strong></span> <span class='ocrx_word' id='word_1_147' title='bbox 339 1897 549 1963; x_wconf 73' lang='lat' dir='ltr'><strong>minue,</strong></span> <span class='ocrx_word' id='word_1_148' title='bbox 587 1899 858 1953; x_wconf 80' lang='lat' dir='ltr'><strong>malitiam</strong></span> <span class='ocrx_word' id='word_1_149' title='bbox 896 1918 1039 1970; x_wconf 84' lang='lat' dir='ltr'><strong>quae</strong></span> <span class='ocrx_word' id='word_1_150' title='bbox 1072 1898 1276 1952; x_wconf 85' lang='lat' dir='ltr'><strong>dicitur</strong></span> <span class='ocrx_word' id='word_1_151' title='bbox 1308 1918 1415 1972; x_wconf 84' lang='lat' dir='ltr'><strong>pro</strong></span> <span class='ocrx_word' id='word_1_152' title='bbox 1451 1898 1718 1970; x_wconf 83' lang='lat' dir='ltr'><strong>sapientia</strong></span> <span class='ocrx_word' id='word_1_153' title='bbox 1753 1898 1956 1954; x_wconf 87' lang='lat' dir='ltr'><strong>inscius</strong></span> 
     </span>
     <span class='ocr_line' id='line_1_22' title="bbox 223 1981 1955 2056; baseline 0.001 -21"><span class='ocrx_word' id='word_1_154' title='bbox 223 1981 499 2054; x_wconf 85' lang='lat' dir='ltr'><strong>quispiam</strong></span> <span class='ocrx_word' id='word_1_155' title='bbox 538 1983 799 2050; x_wconf 81' lang='lat' dir='ltr'><strong>effecerit,</strong></span> <span class='ocrx_word' id='word_1_156' title='bbox 836 1983 1311 2056; x_wconf 85' lang='lat' dir='ltr'><strong>quemadmodum</strong></span> <span class='ocrx_word' id='word_1_157' title='bbox 1350 1981 1654 2056; x_wconf 87' lang='lat' dir='ltr'><strong>Aegyptios</strong></span> <span class='ocrx_word' id='word_1_158' title='bbox 1690 1992 1746 2035; x_wconf 90' lang='lat' dir='ltr'><strong>et</strong></span> <span class='ocrx_word' id='word_1_159' title='bbox 1768 1982 1955 2037; x_wconf 90' lang='lat' dir='ltr'><strong>Phoe-</strong></span> 
     </span>
     <span class='ocr_line' id='line_1_23' title="bbox 223 2066 1957 2141; baseline 0.001 -21"><span class='ocrx_word' id='word_1_160' title='bbox 223 2067 375 2120; x_wconf 87' lang='lat' dir='ltr'><strong>nices</strong></span> <span class='ocrx_word' id='word_1_161' title='bbox 409 2069 727 2139; x_wconf 79' lang='lat' dir='ltr'><strong>multasque</strong></span> <span class='ocrx_word' id='word_1_162' title='bbox 761 2069 898 2123; x_wconf 87' lang='lat' dir='ltr'><strong>alias</strong></span> <span class='ocrx_word' id='word_1_163' title='bbox 939 2079 1135 2141; x_wconf 86' lang='lat' dir='ltr'><strong>gentes</strong></span> <span class='ocrx_word' id='word_1_164' title='bbox 1167 2089 1318 2124; x_wconf 90' lang='lat' dir='ltr'><strong>nunc</strong></span> <span class='ocrx_word' id='word_1_165' title='bbox 1340 2068 1472 2122; x_wconf 87' lang='lat' dir='ltr'><strong>licet</strong></span> <span class='ocrx_word' id='word_1_166' title='bbox 1510 2066 1698 2121; x_wconf 88' lang='lat' dir='ltr'><strong>videre</strong></span> <span class='ocrx_word' id='word_1_167' title='bbox 1723 2068 1957 2123; x_wconf 87' lang='lat' dir='ltr'><strong>confor-</strong></span> 
     </span>
     <span class='ocr_line' id='line_1_24' title="bbox 223 2153 1955 2225; baseline 0.001 -19"><span class='ocrx_word' id='word_1_168' title='bbox 223 2165 403 2206; x_wconf 84' lang='lat' dir='ltr'><strong>matas</strong></span> <span class='ocrx_word' id='word_1_169' title='bbox 430 2154 499 2205; x_wconf 90' lang='lat' dir='ltr'><strong>ab</strong></span> <span class='ocrx_word' id='word_1_170' title='bbox 530 2153 896 2209; x_wconf 74' lang='lat' dir='ltr'><strong>illiberalitate</strong></span> <span class='ocrx_word' id='word_1_171' title='bbox 925 2164 1241 2208; x_wconf 82' lang='lat' dir='ltr'><strong>ceterorum</strong></span> <span class='ocrx_word' id='word_1_172' title='bbox 1269 2153 1575 2207; x_wconf 88' lang='lat' dir='ltr'><strong>studiorum</strong></span> <span class='ocrx_word' id='word_1_173' title='bbox 1609 2161 1665 2206; x_wconf 84' lang='lat' dir='ltr'><strong>et</strong></span> <span class='ocrx_word' id='word_1_174' title='bbox 1687 2154 1955 2225; x_wconf 76' lang='lat' dir='ltr'><strong>possessio-</strong></span> 
     </span>
     <span class='ocr_line' id='line_1_25' title="bbox 223 2237 1953 2310; baseline 0.001 -20"><span class='ocrx_word' id='word_1_175' title='bbox 223 2254 386 2305; x_wconf 89' lang='lat' dir='ltr'><strong>num,</strong></span> <span class='ocrx_word' id='word_1_176' title='bbox 423 2238 533 2290; x_wconf 83' lang='lat' dir='ltr'><strong>five</strong></span> <span class='ocrx_word' id='word_1_177' title='bbox 572 2238 707 2310; x_wconf 86' lang='lat' dir='ltr'><strong>legis</strong></span> <span class='ocrx_word' id='word_1_178' title='bbox 744 2241 886 2294; x_wconf 85' lang='lat' dir='ltr'><strong>lator</strong></span> <span class='ocrx_word' id='word_1_179' title='bbox 931 2240 1007 2293; x_wconf 88' lang='lat' dir='ltr'><strong>eis</strong></span> <span class='ocrx_word' id='word_1_180' title='bbox 1040 2239 1164 2292; x_wconf 85' lang='lat' dir='ltr'><strong>vilis</strong></span> <span class='ocrx_word' id='word_1_181' title='bbox 1205 2238 1312 2292; x_wconf 89' lang='lat' dir='ltr'><strong>hoc</strong></span> <span class='ocrx_word' id='word_1_182' title='bbox 1342 2237 1586 2292; x_wconf 84' lang='lat' dir='ltr'><strong>effecerit</strong></span> <span class='ocrx_word' id='word_1_183' title='bbox 1616 2239 1730 2290; x_wconf 88' lang='lat' dir='ltr'><strong>five</strong></span> <span class='ocrx_word' id='word_1_184' title='bbox 1768 2239 1953 2309; x_wconf 86' lang='lat' dir='ltr'><strong>gravis</strong></span> 
     </span>
     <span class='ocr_line' id='line_1_26' title="bbox 226 2322 1953 2396; baseline 0.001 -21"><span class='ocrx_word' id='word_1_185' title='bbox 226 2324 381 2375; x_wconf 82' lang='lat' dir='ltr'><strong>casus</strong></span> <span class='ocrx_word' id='word_1_186' title='bbox 417 2322 632 2376; x_wconf 85' lang='lat' dir='ltr'><strong>oblatus</strong></span> <span class='ocrx_word' id='word_1_187' title='bbox 667 2326 779 2378; x_wconf 83' lang='lat' dir='ltr'><strong>five</strong></span> <span class='ocrx_word' id='word_1_188' title='bbox 814 2325 966 2379; x_wconf 84' lang='lat' dir='ltr'><strong>aliud</strong></span> <span class='ocrx_word' id='word_1_189' title='bbox 999 2325 1131 2396; x_wconf 87' lang='lat' dir='ltr'><strong>quid</strong></span> <span class='ocrx_word' id='word_1_190' title='bbox 1169 2323 1419 2377; x_wconf 79' lang='lat' dir='ltr'><strong>eiusdem</strong></span> <span class='ocrx_word' id='word_1_191' title='bbox 1451 2322 1682 2394; x_wconf 80' lang='lat' dir='ltr'><strong>generis,</strong></span> <span class='ocrx_word' id='word_1_192' title='bbox 1721 2323 1953 2392; x_wconf 83' lang='lat' dir='ltr'><strong>etenim,</strong></span> 
     </span>
     <span class='ocr_line' id='line_1_27' title="bbox 227 2406 1953 2479; baseline 0.002 -19"><span class='ocrx_word' id='word_1_193' title='bbox 227 2426 262 2460; x_wconf 93' lang='lat' dir='ltr'><strong>o</strong></span> <span class='ocrx_word' id='word_1_194' title='bbox 290 2407 512 2477; x_wconf 84' lang='lat' dir='ltr'><strong>Megille</strong></span> <span class='ocrx_word' id='word_1_195' title='bbox 548 2418 604 2461; x_wconf 86' lang='lat' dir='ltr'><strong>et</strong></span> <span class='ocrx_word' id='word_1_196' title='bbox 644 2410 852 2476; x_wconf 85' lang='lat' dir='ltr'><strong>Clinia,</strong></span> <span class='ocrx_word' id='word_1_197' title='bbox 889 2430 991 2463; x_wconf 88' lang='lat' dir='ltr'><strong>nec</strong></span> <span class='ocrx_word' id='word_1_198' title='bbox 1028 2410 1136 2463; x_wconf 88' lang='lat' dir='ltr'><strong>hoc</strong></span> <span class='ocrx_word' id='word_1_199' title='bbox 1158 2415 1270 2462; x_wconf 75' lang='lat' dir='ltr'><strong>&#39;nos</strong></span> <span class='ocrx_word' id='word_1_200' title='bbox 1308 2406 1490 2479; x_wconf 71' lang='lat' dir='ltr'><strong>fugito</strong></span> <span class='ocrx_word' id='word_1_201' title='bbox 1525 2406 1594 2459; x_wconf 90' lang='lat' dir='ltr'><strong>de</strong></span> <span class='ocrx_word' id='word_1_202' title='bbox 1629 2408 1781 2476; x_wconf 74' lang='lat' dir='ltr'><strong>loci8‚</strong></span> <span class='ocrx_word' id='word_1_203' title='bbox 1818 2410 1953 2464; x_wconf 87' lang='lat' dir='ltr'><strong>alios</strong></span> 
     </span>
     <span class='ocr_line' id='line_1_28' title="bbox 227 2490 1953 2569; baseline 0.002 -24"><span class='ocrx_word' id='word_1_204' title='bbox 227 2493 493 2565; x_wconf 84' lang='lat' dir='ltr'><strong>quosdam</strong></span> <span class='ocrx_word' id='word_1_205' title='bbox 523 2498 627 2547; x_wconf 84' lang='lat' dir='ltr'><strong>effe</strong></span> <span class='ocrx_word' id='word_1_206' title='bbox 651 2495 876 2568; x_wconf 72' lang='lat' dir='ltr'><strong>insignes</strong></span> <span class='ocrx_word' id='word_1_207' title='bbox 898 2515 1032 2567; x_wconf 87' lang='lat' dir='ltr'><strong>prae</strong></span> <span class='ocrx_word' id='word_1_208' title='bbox 1053 2493 1173 2548; x_wconf 84' lang='lat' dir='ltr'><strong>aliis</strong></span> <span class='ocrx_word' id='word_1_209' title='bbox 1199 2491 1336 2547; x_wconf 86' lang='lat' dir='ltr'><strong>locis</strong></span> <span class='ocrx_word' id='word_1_210' title='bbox 1362 2492 1432 2545; x_wconf 86' lang='lat' dir='ltr'><strong>ad</strong></span> <span class='ocrx_word' id='word_1_211' title='bbox 1455 2490 1710 2547; x_wconf 87' lang='lat' dir='ltr'><strong>homines</strong></span> <span class='ocrx_word' id='word_1_212' title='bbox 1732 2513 1953 2569; x_wconf 87' lang='lat' dir='ltr'><strong>procre-</strong></span> 
     </span>
     <span class='ocr_line' id='line_1_29' title="bbox 226 2577 1955 2649; baseline 0.001 -15"><span class='ocrx_word' id='word_1_213' title='bbox 226 2579 403 2634; x_wconf 81' lang='lat' dir='ltr'><strong>aridos</strong></span> <span class='ocrx_word' id='word_1_214' title='bbox 440 2580 701 2633; x_wconf 82' lang='lat' dir='ltr'><strong>meliores</strong></span> <span class='ocrx_word' id='word_1_215' title='bbox 739 2590 794 2633; x_wconf 91' lang='lat' dir='ltr'><strong>et</strong></span> <span class='ocrx_word' id='word_1_216' title='bbox 832 2580 1153 2645; x_wconf 75' lang='lat' dir='ltr'><strong>dete1·iore8‚</strong></span> <span class='ocrx_word' id='word_1_217' title='bbox 1192 2577 1394 2649; x_wconf 87' lang='lat' dir='ltr'><strong>quibus</strong></span> <span class='ocrx_word' id='word_1_218' title='bbox 1432 2577 1795 2635; x_wconf 82' lang='lat' dir='ltr'><strong>consentanea</strong></span> <span class='ocrx_word' id='word_1_219' title='bbox 1823 2581 1955 2636; x_wconf 84' lang='lat' dir='ltr'><strong>sunt</strong></span> 
     </span>
     <span class='ocr_line' id='line_1_30' title="bbox 226 2664 1955 2737; baseline 0.001 -18"><span class='ocrx_word' id='word_1_220' title='bbox 226 2665 440 2736; x_wconf 81' lang='lat' dir='ltr'><strong>legibus</strong></span> <span class='ocrx_word' id='word_1_221' title='bbox 465 2664 866 2733; x_wconf 82' lang='lat' dir='ltr'><strong>constituenda3</strong></span> <span class='ocrx_word' id='word_1_222' title='bbox 902 2665 997 2719; x_wconf 87' lang='lat' dir='ltr'><strong>alii</strong></span> <span class='ocrx_word' id='word_1_223' title='bbox 1022 2665 1171 2719; x_wconf 89' lang='lat' dir='ltr'><strong>enim</strong></span> <span class='ocrx_word' id='word_1_224' title='bbox 1204 2682 1308 2737; x_wconf 86' lang='lat' dir='ltr'><strong>per</strong></span> <span class='ocrx_word' id='word_1_225' title='bbox 1339 2672 1533 2717; x_wconf 79' lang='lat' dir='ltr'><strong>ventos</strong></span> <span class='ocrx_word' id='word_1_226' title='bbox 1567 2664 1752 2718; x_wconf 83' lang='lat' dir='ltr'><strong>varios</strong></span> <span class='ocrx_word' id='word_1_227' title='bbox 1779 2675 1832 2720; x_wconf 89' lang='lat' dir='ltr'><strong>et</strong></span> <span class='ocrx_word' id='word_1_228' title='bbox 1856 2686 1955 2720; x_wconf 89' lang='lat' dir='ltr'><strong>ae·-</strong></span> 
     </span>
     <span class='ocr_line' id='line_1_31' title="bbox 157 2744 1955 2826; baseline 0.003 -26"><span class='ocrx_word' id='word_1_229' title='bbox 157 2744 161 2757; x_wconf 75' lang='lat'><em>&#39;</em></span> <span class='ocrx_word' id='word_1_230' title='bbox 230 2749 337 2800; x_wconf 80' lang='lat' dir='ltr'><strong>stus</strong></span> <span class='ocrx_word' id='word_1_231' title='bbox 360 2748 652 2802; x_wconf 85' lang='lat' dir='ltr'><strong>insolentes</strong></span> <span class='ocrx_word' id='word_1_232' title='bbox 674 2751 801 2804; x_wconf 87' lang='lat' dir='ltr'><strong>sunt</strong></span> <span class='ocrx_word' id='word_1_233' title='bbox 823 2751 1167 2826; x_wconf 89' lang='lat' dir='ltr'><strong>modumque</strong></span> <span class='ocrx_word' id='word_1_234' title='bbox 1190 2749 1482 2816; x_wconf 84' lang='lat' dir='ltr'><strong>excedunt,</strong></span> <span class='ocrx_word' id='word_1_235' title='bbox 1522 2748 1618 2804; x_wconf 86' lang='lat' dir='ltr'><strong>alii</strong></span> <span class='ocrx_word' id='word_1_236' title='bbox 1639 2768 1744 2822; x_wconf 88' lang='lat' dir='ltr'><strong>per</strong></span> <span class='ocrx_word' id='word_1_237' title='bbox 1763 2770 1955 2822; x_wconf 77' lang='lat' dir='ltr'><strong>aquaS,</strong></span> 
     </span>
     <span class='ocr_line' id='line_1_32' title="bbox 234 2830 1955 2905; baseline 0.003 -23"><span class='ocrx_word' id='word_1_238' title='bbox 234 2830 329 2883; x_wconf 77' lang='lat' dir='ltr'><strong>alii</strong></span> <span class='ocrx_word' id='word_1_239' title='bbox 360 2831 522 2885; x_wconf 78' lang='lat' dir='ltr'><strong>etiam</strong></span> <span class='ocrx_word' id='word_1_240' title='bbox 550 2852 653 2903; x_wconf 86' lang='lat' dir='ltr'><strong>per</strong></span> <span class='ocrx_word' id='word_1_241' title='bbox 677 2834 940 2891; x_wconf 73' lang='lat' dir='ltr'><strong>alimenta</strong></span> <span class='ocrx_word' id='word_1_242' title='bbox 970 2857 1002 2891; x_wconf 86' lang='lat' dir='ltr'><strong>a</strong></span> <span class='ocrx_word' id='word_1_243' title='bbox 1037 2847 1183 2891; x_wconf 85' lang='lat' dir='ltr'><strong>terra</strong></span> <span class='ocrx_word' id='word_1_244' title='bbox 1207 2834 1633 2897; x_wconf 84' lang='lat' dir='ltr'><strong>subministrata,</strong></span> <span class='ocrx_word' id='word_1_245' title='bbox 1672 2854 1815 2905; x_wconf 87' lang='lat' dir='ltr'><strong>quae</strong></span> <span class='ocrx_word' id='word_1_246' title='bbox 1836 2855 1955 2889; x_wconf 88' lang='lat' dir='ltr'><strong>non</strong></span> 
     </span>
     <span class='ocr_line' id='line_1_33' title="bbox 237 2914 1955 2993; baseline 0.005 -26"><span class='ocrx_word' id='word_1_247' title='bbox 237 2914 416 2967; x_wconf 82' lang='lat' dir='ltr'><strong>solum</strong></span> <span class='ocrx_word' id='word_1_248' title='bbox 445 2918 768 2987; x_wconf 82' lang='lat' dir='ltr'><strong>corporibus</strong></span> <span class='ocrx_word' id='word_1_249' title='bbox 800 2922 1030 2976; x_wconf 89' lang='lat' dir='ltr'><strong>meliora</strong></span> <span class='ocrx_word' id='word_1_250' title='bbox 1056 2932 1111 2975; x_wconf 84' lang='lat' dir='ltr'><strong>et</strong></span> <span class='ocrx_word' id='word_1_251' title='bbox 1139 2922 1415 2977; x_wconf 87' lang='lat' dir='ltr'><strong>deteriora</strong></span> <span class='ocrx_word' id='word_1_252' title='bbox 1448 2916 1821 2993; x_wconf 85' lang='lat' dir='ltr'><strong>suppeditant,</strong></span> <span class='ocrx_word' id='word_1_253' title='bbox 1862 2939 1955 2972; x_wconf 83' lang='lat' dir='ltr'><strong>ve-</strong></span> 
     </span>
     <span class='ocr_line' id='line_1_34' title="bbox 238 2997 1955 3077; baseline 0.003 -24"><span class='ocrx_word' id='word_1_254' title='bbox 238 3015 367 3053; x_wconf 82' lang='lat' dir='ltr'><strong>rum</strong></span> <span class='ocrx_word' id='word_1_255' title='bbox 398 2997 566 3053; x_wconf 81' lang='lat' dir='ltr'><strong>etiam</strong></span> <span class='ocrx_word' id='word_1_256' title='bbox 590 3000 786 3058; x_wconf 79' lang='lat' dir='ltr'><strong>animis</strong></span> <span class='ocrx_word' id='word_1_257' title='bbox 816 3025 933 3061; x_wconf 86' lang='lat' dir='ltr'><strong>non</strong></span> <span class='ocrx_word' id='word_1_258' title='bbox 967 3007 1153 3062; x_wconf 82' lang='lat' dir='ltr'><strong>minus</strong></span> <span class='ocrx_word' id='word_1_259' title='bbox 1194 3007 1385 3064; x_wconf 83' lang='lat' dir='ltr'><strong>omnia</strong></span> <span class='ocrx_word' id='word_1_260' title='bbox 1414 3005 1552 3060; x_wconf 85' lang='lat' dir='ltr'><strong>haec</strong></span> <span class='ocrx_word' id='word_1_261' title='bbox 1580 3006 1799 3077; x_wconf 77' lang='lat' dir='ltr'><strong>possunt</strong></span> <span class='ocrx_word' id='word_1_262' title='bbox 1821 3003 1955 3058; x_wconf 86' lang='lat' dir='ltr'><strong>inii-</strong></span> 
     </span>
    </p>
   </div>
  </div>
 </body>
</html>
