2132 3652
759 277 1149 335 LEGES
1226 277 1314 332 VI.
1811 277 1916 338 535

59 462 76 479 t
135 497 141 500 ,
170 424 476 481 ”ib-‘habent
503 423 571 478 ad
597 422 867 478 virtutem
898 430 953 475 et
976 417 1327 492 disciplinam
1362 420 1417 475 id
1438 420 1608 492 ⁸quod
1647 422 1921 479 convenit
1984 427 1991 436 “

128 502 139 524 ’
178 510 376 566 tribuit
398 529 473 563 ex
507 508 739 564 ratione.
776 510 851 562 est
876 507 1028 561 enim
1063 506 1333 560 nimirum
1372 506 1544 561 ctiam
1571 507 1735 562 civile
1757 508 1919 563 nobis

123 644 128 649 t
174 597 396 668 semper
414 595 523 650 hoc
544 594 729 667 ipsum
751 591 971 660 iustum,
1012 594 1158 664 quod
1188 611 1341 645 nunc
1363 610 1591 664 quoque
1614 612 1721 666 ¹noa
1747 612 1940 666 appe·-

174 691 355 735 tentes
377 690 434 734 et
456 681 601 735 hanc
626 679 1036 751 aequalitatem,
1064 678 1267 741 Clinia,
1299 679 1604 750 spectantes
1628 699 1732 734 nos
1753 698 1922 753 opor-

131 776 258 821 rtet
281 766 564 820 civitatem
594 785 744 820 nunc
773 765 1085 819 nascentem
1118 763 1380 819 condere.
1421 763 1590 818 aliam
1628 782 1854 838 quoque
1879 766 1919 829 fi

173 851 396 923 quando
420 851 694 925 quispiam
724 848 1106 918 condat,idem
1133 847 1238 902 hoc
1250 849 1591 922 spectantem
1609 869 1739 904 eum
1754 869 1920 924 opor·

174 947 258 992 tet
277 938 424 1010 legea
436 937 694 1005 scribere,
710 957 828 991 non
850 957 1052 1010 paucos
1070 946 1341 1008 tyrannos
1356 937 1443 989 vel
1459 939 1733 991 unumvel
1761 947 1919 1010 pote-

175 1025 364 1077 statem
393 1023 712 1095 quampiam
734 1022 951 1096 populi,
982 1022 1070 1074 sed
1103 1024 1299 1076 iustum
1323 1024 1560 1094 semper.
1575 1022 1713 1076 haec
1726 1033 1920 1076 autem.

177 1110 266 1170 est,
294 1127 463 1180 quam
491 1108 660 1161 modo
687 1108 1795 1178 memoravin1u3‚aequalitaesecundum
1819 1127 1922 1161 na-

177 1203 364 1247 turam
390 1194 775 1264 inaequalibus
803 1195 1140 1267 quandoque
1165 1194 1389 1250 tributa.
1406 1198 1618 1249 necesse
1638 1203 1830 1246 tamen
1847 1194 1924 1248 est

176 1279 385 1350 cuique
413 1279 622 1332 civitati
649 1279 816 1334 etiam
846 1281 932 1334 his
960 1300 1103 1352 quae
1130 1283 1263 1337 inde
1284 1280 1792 1346 denominatasunt
1810 1275 1923 1346 ali-

178 1363 408 1436 quando
436 1367 517 1419 uti
540 1385 614 1419 ex
637 1366 827 1437 aliqua
851 1377 1029 1439 parte,
1059 1370 1309 1438 aequitas
1334 1360 1480 1420 enim
1499 1375 1555 1418 et
1570 1365 1922 1438 indulgentia
1998 1416 2001 1419 Α

176 1450 412 1523 perfecti
436 1461 490 1503 et
515 1451 758 1504 accurati
782 1460 1012 1522 praeter
1033 1451 1120 1506 ius
1144 1463 1364 1507 rectum
1385 1450 1749 1506 infractiones
1770 1453 1922 1518 suntj

175 1534 642 1608 quandocumque
679 1535 1028 1608 contingunt.
1081 1539 1343 1608 quocirca
1377 1536 1540 1591 sortis
1580 1537 1923 1608 aequalitate

140 1635 144 1642 ·
174 1622 391 1674 neceffe
411 1621 464 1672 ei
484 1622 555 1673 est
578 1620 663 1674 uti
699 1609 1079 1675 multitudiuis
1106 1627 1362 1678 morosae
1389 1624 1571 1688 causa,
1610 1622 1779 1676 deum
1807 1622 1922 1675 bo·-

174 1723 423 1776 namque
447 1705 736 1759 fortunam
757 1715 879 1758 tum
904 1724 1129 1777 quoque
1160 1711 1223 1762 in
1259 1706 1672 1782 precationibus
1706 1706 1923 1778 implo-

176 1801 369 1845 rantes
416 1801 479 1844 ut
531 1793 740 1843 sortem
791 1791 861 1842 ad
903 1792 1247 1846 iustiffimum
1296 1793 1569 1864 dirigant.
1627 1793 1707 1846 ita
1742 1793 1921 1865 igitur

178 1877 481 1933 nocess'ario
505 1877 847 1933 adhibendae
872 1878 999 1930 sunt
1026 1887 1295 1949 utraeque
1317 1877 1699 1947 aequalitate&
1733 1889 1919 1951 ‘quam

180 1963 428 2019 maxime
452 1981 583 2015 vero
610 1962 667 2014 in
690 1961 1023 2034 paucisfimis
1044 1963 1219 2016 altera
1237 1980 1381 2033 quae
1403 1962 1666 2015 fortunae
1685 1952 1917 2036 indiget.

323 2050 475 2104 Haec
499 2049 574 2101 ita
604 2048 704 2101 has
732 2047 803 2100 ob
833 2049 1036 2113 causem,
1076 2069 1108 2101 o
1137 2045 1319 2112 amici,
1358 2047 1491 2101 urbs
1518 2045 1688 2102 faciat
1710 2054 1920 2105 necesse

182 2138 256 2190 est
280 2153 425 2206 quae
447 2135 680 2188 salutem
707 2134 766 2186 fit
802 2136 1230 2204 consequutura.
1270 2132 1538 2203 quoniam
1576 2151 1717 2187 vero
1758 2136 1926 2191 navis

103 2240 107 2242 ’
180 2222 244 2280 in
271 2220 418 2274 mari
443 2218 713 2290 navigans
744 2219 1015 2273 custodiae
1057 2216 1366 2290 perpetuae
1394 2218 1513 2271 dies
1538 2226 1592 2272 et
1613 2228 1802 2272 noctes
1826 2219 1922 2273 in-

183 2306 353 2378 diget,
395 2316 451 2359 et
473 2304 605 2360 urbs
629 2305 872 2359 fimiliter
894 2305 954 2358 in
976 2305 1296 2375 tempestate
1315 2303 1669 2374 reliquarum
1686 2304 1923 2360 urbium

109 2434 113 2438 .
180 2394 435 2447 versatur
461 2400 519 2444 et
554 2390 613 2443 in
652 2390 966 2463 periculum
1005 2390 1161 2442 venit
1201 2407 1274 2440 ne
1304 2388 1514 2441 insidiis
1549 2406 1720 2442 omne
1745 2407 1922 2460 genus

182 2478 450 2551 capiatur,
491 2485 712 2547 oportet
735 2494 858 2530 eam
886 2497 987 2548 per
1022 2475 1171 2527 diem
1206 2474 1269 2527 in
1305 2485 1531 2528 noctem
1570 2483 1627 2526 et
1658 2492 1728 2526 ex
1754 2474 1922 2529 nocte

184 2564 253 2618 ad
289 2563 436 2615 diem
468 2562 807 2631 magistratus
844 2580 972 2614 cum
1016 2559 1424 2629 magistratibus
1461 2567 1817 2626 connectere,
1856 2571 1928 2615 ut

172 2647 433 2703 *custodes
470 2646 779 2700 custodibus
817 2647 1111 2699 succedere
1149 2661 1470 2717 munusque
1494 2643 1714 2698 tradere
1748 2664 1925 2701 num-

186 2727 367 2804 quamff
387 2733 663 2798 definant3
700 2734 1010 2786 multitudo
1036 2741 1228 2785 autem
1245 2749 1555 2802 numquam
1582 2731 1758 2801 potest
1782 2734 1926 2787 stre-

187 2834 302 2870 nue
330 2817 532 2871 horum
559 2817 861 2888 quicquam
886 2817 1083 2871 facere.
1124 2817 1381 2887 quocirca
1405 2816 1613 2869 neceffe
1648 2819 1721 2869 est
1744 2819 1924 2889 pluri·

187 2919 341 2956 mam
368 2902 684 2957 senatorum
708 2912 925 2975 partem
950 2903 1260 2977 plurimum
1288 2910 1505 2972 tempus
1525 2903 1698 2953 smera
1718 2901 1775 2954 in
1799 2904 1924 2973 pri-

191 2983 332 3048 vatia
359 2983 468 3036 suis
492 2985 657 3039 rebus
682 2988 896 3043 versari
911 2998 977 3040 et
1005 2987 1305 3043 domestica
1330 2986 1732 3053 administrare,
1769 2987 1923 3041 duo-

194 3069 465 3124 decimam
497 3087 635 3123 vero
672 3089 871 3128 eorum
901 3084 1115 3145 partem
1153 3074 1215 3126 in
1241 3071 1534 3125 duodecim
1557 3073 1771 3126 menses
1808 3075 1924 3129 fin-

193 3153 350 3224 guloa
407 3152 775 3222 distribuere,
826 3169 893 3212 ut
942 3159 1239 3213 custodiam
1288 3155 1546 3226 suscipiat
1595 3174 1922 3230 munusque

193 3236 422 3290 aliunde
452 3239 538 3292 vel
573 3258 644 3293 ex
680 3240 794 3312 ipsa
827 3241 969 3294 urbe
1000 3243 1322 3300 venientem
1364 3249 1622 3311 prompte
1658 3242 1920 3313 adeundi,

135 3398 150 3410 ⁸
194 3324 302 3376 five
327 3321 451 3393 quis
487 3321 759 3378 nunciare
789 3325 1036 3383 voluerit
1061 3329 1169 3384 five
1199 3324 1461 3383 sciscitari
1483 3323 1693 3397 aliquid
1719 3322 1916 3386 e'orum
