2132 3652
1076 1030 1101 1041 a

667 1084 1436 1235 ι113εῑῑῑςεΕΧΤυὲιν
1484 1180 1493 1187 .,

174 1438 317 1535 Iam
344 1481 461 1555 post
489 1478 679 1535 omnia
706 1497 859 1533 nunc
884 1479 1130 1550 exposita
1164 1476 1519 1550 magistratus
1549 1478 1672 1533 fere
1713 1478 1919 1536 civita·-

171 1565 241 1622 iis
261 1586 295 1622 a
322 1578 376 1620 te
400 1566 761 1621 constituendi
789 1575 976 1619 erunt.

317 1651 400 1709 Gl.
440 1653 623 1706 Habet
648 1653 777 1706 sane
803 1654 859 1704 se
888 1670 975 1704 res
1002 1650 1097 1703 itai

316 1737 462 1793 Atlz..
497 1738 656 1790 Duae
691 1738 797 1790 hae
831 1735 1036 1804 species
1072 1735 1133 1787 in
1163 1734 1386 1791 civitate
1419 1736 1734 1813 ordinanda
1761 1739 1915 1800 sunt3

173 1824 363 1899 prima
387 1823 459 1875 est
481 1816 692 1875 creatio
719 1820 1138 1892 magistratuum
1165 1828 1218 1871 et
1242 1839 1440 1884 eorum
1459 1821 1558 1891 qui
1581 1822 1921 1895 imperaturi

171 1912 289 1974 fint,
328 1916 469 1979 quot
497 1912 601 1960 effe
625 1916 854 1981 oportet
878 1913 931 1957 et
958 1923 1023 1956 eo
1047 1903 1218 1957 modo
1248 1924 1360 1977 quo
1389 1907 1784 1971 constituendi;
1824 1908 1920 1961 de-

172 1995 309 2050 inde
336 1994 484 2064 leges
515 1992 920 2062 magistratibus
948 1989 1174 2060 singulis
1213 1991 1541 2047 scribendae
1569 1993 1715 2060 sunt,
1753 2010 1917 2064 quae,

172 2087 314 2151 quot
338 2078 644 2148 qualesque
677 2077 876 2149 cuique
901 2076 1254 2130 conveniant.
1279 2078 1608 2150 ⁷paullulum
1633 2097 1771 2132 vero
1794 2098 1921 2138 mo-

168 2181 268 2219 rae
317 2163 735 2237 interponentes
784 2172 1092 2233 antequam
1150 2181 1243 2215 eos
1296 2163 1552 2235 eligimus
1601 2163 1918 2219 orationem

166 2247 523 2324 proferamus
556 2267 727 2322 quam
761 2247 831 2302 de
854 2249 960 2304 hac
986 2268 1050 2304 re
1078 2268 1182 2323 par
1199 2248 1446 2304 ·est..dici.

317 2333 402 2390 cl.
444 2333 816 2407 Quamnam?

309 2419 447 2475 Ath.
486 2419 672 2488 Hancnr,
709 2419 933 2476 cuilibet
958 2421 1081 2476 fere
1103 2428 1262 2494 patet
1283 2418 1409 2484 hoc,
1434 2437 1614 2492 quum
1640 2438 1916 2494 magnum

166 2509 229 2562 fit
261 2525 410 2577 opus*
442 2504 629 2576 legum
661 2503 883 2558 lationis
922 2524 1150 2566 curare,
1189 2516 1255 2560 ut
1295 2505 1485 2560 civitas
1526 2507 1668 2559 bene
1708 2509 1914 2563 consti-

164 2602 288 2648 tuta
324 2590 669 2660 magistratus
706 2589 912 2644 habeat
945 2590 1196 2645 idoneos,
1236 2593 1273 2644 fi
1305 2591 1524 2661 legibus
1559 2592 1704 2647 bene
1722 2593 1912 2665 pofitis

165 2678 514 2749 magistratus
566 2674 855 2749 praeficiat
900 2695 1014 2729 non
1065 2675 1326 2744 idone03,
1385 2695 1504 2730 non
1551 2678 1734 2733 {olum
1770 2681 1915 2733 nihil
1963 2733 1965 2735 ,

166 2763 415 2833 prodeffe
452 2761 686 2816 bonam.
709 2760 900 2831 legu'm
935 2761 1232 2826 lationem,
1286 2779 1470 2833 neque
1517 2763 1696 2817 solum
1731 2764 1911 2818 risum

168 2862 401 2899 movere
434 2863 858 2916 permagnum‚.
885 2846 975 2899 sed
1015 2846 1186 2901 etiam
1241 2846 1579 2903 detrimenta.
1616 2857 1670 2901 et
1709 2849 1911 2920 perni-

170 2930 309 2984 ciem
336 2930 499 2997 longe
526 2929 832 2985 maximam
848 2931 1174 2987 civitatibus
1198 2931 1332 2986 inde
1363 2934 1624 2988 exsistere.

313 3013 397 3068 Οἱ.
439 3012 757 3085 Quippini‘?

309 3098 448 3155 Am.
487 3098 609 3151 Hoc
638 3094 805 3167 igitur
831 3098 1140 3170 cogitemus
1170 3071 1298 3155 tuae
1324 3116 1491 3172 quam
1518 3119 1671 3158 nunc
1697 3102 1905 3169 condis,
1976 3174 1984 3178 Q

167 3185 378 3252 amice,
426 3179 634 3237 civitati
677 3189 733 3233 et
775 3183 904 3236 urbi
945 3186 1226 3252 accide1e3
1273 3184 1426 3238 vides
1466 3187 1612 3242 enim
1646 3188 1913 3262 primum

166 3281 424 3345 oportere
458 3267 556 3339 qui
594 3274 746 3319 recte
785 3268 1173 3339 aggrediantur
1198 3269 1267 3323 ad
1292 3270 1714 3341 magistiatuum
1738 3283 1902 3346 pote-

165 3359 321 3411 states
345 3353 471 3409 satis
509 3360 649 3407 tam
646 3345 808 3422 ipsos
838 3368 1004 3423 quam
1027 3368 1203 3425 genus
1234 3353 1504 3428 cuiusque
1532 3376 1566 3412 a
1586 3355 1777 3431 pueris
1804 3376 1903 3438 ue-
