2176 3672
717 178 1295 243 LEGES·11.“
1381 140 1391 159 Ι
1749 187 1847 251 125

177 346 194 359 χ
261 327 401 387 lach.
450 327 574 382 Hoc
607 327 790 402 ipsum
822 345 989 403 ergo,
1026 337 1092 383 ut
1114 336 1300 402 patet,
1338 328 1655 389 invenimus
1677 354 1853 407 nunc,-

122 415 442 473 cantoribus
464 413 832 485 nostris‚quos
852 431 1005 468 nunc
1019 432 1390 487 provocamus
1416 419 1680 492 ultroque
1717 438 1850 492 quo-

120 499 420 561 dammodo
444 499 694 571 cogimus
722 517 954 565 canere,
992 499 1258 555 hactenus
1284 500 1406 557 fere
1436 501 1705 558 institutos
1743 509 1853 561 effe

85 600 89 603 ’
118 586 351 654 debere,
383 595 450 640 ut
477 585 712 658 quisque
737 585 896 658 poffit
924 604 1297 642 numerorum
1321 587 1487 661 pedes
1512 590 1851 646 modorum-

116 690 230 747 que
256 674 416 727 sonos
443 671 621 741 sequi,
660 689 769 741 quo
799 669 1121 727 harmonias
1148 681 1202 725 et
1228 690 1497 728 numeros
1522 674 1852 748 intelligen⁴

115 768 198 813 tes
225 756 428 829 eligere
454 765 663 828 queant
686 756 1090 818 convenientia,
1108 775 1250 829 quae
1275 757 1424 812 viros
1445 766 1850 834 tam-proveeta

115 852 295 900 aetate
318 842 564 914 talesque
586 860 788 896 canere
812 840 1020 907 deceat,
1060 842 1140 897 ita
1162 853 1368 899 canant
1395 854 1775 917 canantesque‘
1793 848 1850 903 et&
1931 846 1948 855 ”

113 931 213 1005 ipfi
235 930 551 1002 voluptates
579 927 639 981 in
661 928 975 1000 praesentia
1001 930 1321 983 innocentes
1346 928 1665 1001 percipiant
1685 941 1742 985 et
1763 931 1849 985 iu-

83 1078 87 1083 ,
114 1015 364 1070 nioribus
403 1014 571 1067 duces
602 1012 657 1064 se
680 1013 953 1083 praestent
973 1013 1042 1066 ad
1067 1031 1251 1066 mores
1275 1013 1479 1084 probos
1503 1016 1852 1071 convenien-

114 1111 206 1154 ter
229 1097 643 1171 amplexandos.
698 1097 969 1150 hactenus
1009 1115 1142 1150 vero
1159 1097 1406 1152 «instituti
1439 1100 1847 1157 accuratiorem

113 1185 456 1257 susceperint
479 1181 833 1254 desciplinam
857 1200 920 1234 ea
944 1199 1086 1251 quae
1107 1183 1176 1236 ad
1205 1182 1403 1256 vulgus
1431 1185 1688 1258 ipsosque
1707 1187 1849 1261 poe:

114 1282 197 1326 tas
227 1270 491 1340 pertine-u
531 1267 758 1321 tertium
785 1267 934 1320 enim
951 1266 1102 1319 haud
1133 1271 1344 1322 necesse
1373 1269 1683 1344 estpo‘e'tam
1713 1291 1849 1343 cog-
1879 1328 1882 1342 i

109 1359 356 1420 noscere,
379 1353 689 1427 pulchrane
712 1370 786 1405 an
814 1351 959 1403 mala
985 1353 1047 1404 fit
1071 1352 1334 1420 imitatio,
1355 1355 1712 1411 harmoniam
1739 1378 1848 1413 au-

109 1455 222 1496 tem
257 1450 312 1494 et
334 1458 633 1492 numerum
657 1436 778 1490 fere
804 1441 1018 1490 neceffe
1041 1439 1147 1501 est3
1184 1429 1313 1492 illos¹
1337 1458 1477 1494 vero
1514 1443 1706 1497 omnia
1735 1443 1851 1502 tria*
1907 1476 1909 1478 -

107 1524 471 1602 pulcherrimi
513 1532 569 1575 et
605 1521 830 1576 secundi
862 1520 1097 1592 eligendi
1133 1524 1294 1576 causa
1319 1528 1652 1596 cognoscere
1672 1548 1849 1604 opor-

106 1624 214 1682 tet,
264 1613 423 1667 aliter
447 1626 758 1678 numquam
789 1606 918 1660 satis
941 1615 1207 1680 poterunt
1230 1609 1585 1667 cantionibus
1609 1612 1851 1669 iuvenes

107 1701 175 1754 ad
207 1699 466 1751 virtutem
494 1694 768 1767 pellicere.
854 1693 968 1746 iam
1007 1694 1154 1763 quod
1196 1692 1375 1748 oratio
1401 1695 1561 1751 initio
1597 1701 1853 1768 volebat„

105 1783 307 1840 Bacchi
345 1782 516 1834 choro
552 1779 925 1832 defensionem
963 1779 1234 1832 exhibere
1260 1779 1401 1832 bene
1425 1787 1747 1856 expolitam,
1782 1785 1847 1839 id

109 1889 212 1942 pro
235 1868 445 1922 viribus
474 1863 758 1937 praestitit.
834 1861 1127 1917 videamus
1157 1865 1270 1920 iam
1298 1887 1370 1921 an
1394 1869 1503 1924 hoc
1524 1869 1602 1923 ita
1624 1869 1849 1926 factum

107 1958 186 2008 fit.
261 1953 624 2045 turbulentus.
642 1951 752 2001 fine
777 1948 946 2001 dubio
972 1949 1293 2006 huiusmodi
1320 1951 1629 2007 conventus
1648 1957 1847 2008 nece&

106 2040 251 2093 saxio
277 2039 446 2109 magis
481 2036 768 2106 magisque
806 2036 1141 2107 piccedente
1188 2040 1604 2110 compotatione
1635 2039 1843 2107 evadit,

107 2126 255 2197 quod
285 2124 511 2197 quidem
542 2124 830 2220 posuimus
857 2120 1016 2175 initio
1055 2119 1117 2176 in
1149 2122 1256 2177 hoc
1281 2125 1432 2194 quod
1465 2143 1619 2181 nunc
1655 2125 1843 2230 agitur

103 2210 404 2265 neceffario
432 2210 672 2263 evenir.e

249 2333 328 2391 Cl.
362 2335 583 2392 Necesse
612 2335 668 2390 id
696 2327 939 2408 quidem.

242 2464 378 2520 Ath.
432 2463 634 2539 Quivis
662 2482 801 2517 vero
827 2463 881 2516 se
907 2462 1025 2535 ipso
1048 2462 1226 2518 levior
1250 2463 1428 2518 factus
1459 2472 1580 2519 tum
1611 2465 1847 2520 extolli-

108 2559 204 2604 tur
234 2561 286 2606 et
318 2553 522 2623 gaudio
560 2551 736 2604 exsilit
763 2558 817 2602 et
843 2550 1094 2603 libertate
1116 2549 1391 2621 impletur
1417 2568 1523 2604 nec
1546 2549 1848 2623 proximos

106 2635 282 2701 audit,
316 2636 405 2690 sed
429 2637 848 2698 moderatorem
880 2636 935 2688 se
967 2633 1240 2693 idoneum
1279 2637 1551 2691 existimat
1582 2646 1639 2708 et
1668 2636 1755 2690 sui
1782 2645 1840 2690 et

107 2719 455 2792 reliquorum
480 2724 738 2778 exsistere.

250 2845 331 2904 cl.
369 2847 585 2922 Quidni
600 2850 628 2903 ‘2

250 2971 385 3028 Ath.
420 2973 617 3030 Nonne
643 2977 906 3045 diximus,
945 2997 1123 3051 quum
1147 2977 1252 3030 hoc
1275 2974 1456 3043 fieret,
1493 2975 1712 3029 animos
1740 2973 1834 3027 bi·-

108 3056 389 3126 bentium,
427 3057 564 3112 ferri
587 3061 814 3116 alicuius
834 3063 1028 3131 instar,
1064 3062 1344 3116 ferventes
1373 3059 1660 3113 molliores
1684 3059 1846 3130 exli—-

105 3143 244 3196 flere
278 3152 445 3215 atque
487 3142 758 3213 iuniores,
808 3148 947 3203 adeo
979 3159 1042 3205 ut
1088 3146 1276 3203 faciles
1309 3143 1380 3200 ad
1414 3142 1732 3198 ducendum
1772 3143 1830 3196 se
