<?xml version="1.0" encoding="UTF-8"?>
<!DOCTYPE html PUBLIC "-//W3C//DTD XHTML 1.0 Transitional//EN"
    "http://www.w3.org/TR/xhtml1/DTD/xhtml1-transitional.dtd">
<html xmlns="http://www.w3.org/1999/xhtml" xml:lang="en" lang="en">
 <head>
  <title>
</title>
<meta http-equiv="Content-Type" content="text/html;charset=utf-8" />
  <meta name='ocr-system' content='tesseract 3.04.00' />
  <meta name='ocr-capabilities' content='ocr_page ocr_carea ocr_par ocr_line ocrx_word'/>
</head>
<body>
  <div class='ocr_page' id='page_1' title='image "./quaeexstantopera06plat_0181.png"; bbox 0 0 2176 3672; ppageno 0'>
   <div class='ocr_carea' id='block_1_1' title="bbox 734 208 1902 313">
    <p class='ocr_par' dir='ltr' id='par_1_1' title="bbox 734 208 1902 313">
     <span class='ocr_line' id='line_1_1' title="bbox 734 208 1902 313; baseline 0.007 -24"><span class='ocrx_word' id='word_1_1' title='bbox 734 235 800 290; x_wconf 48' lang='lat'><strong>11„</strong></span> <span class='ocrx_word' id='word_1_2' title='bbox 837 235 885 290; x_wconf 81' lang='lat' dir='ltr'>E</span> <span class='ocrx_word' id='word_1_3' title='bbox 924 233 974 289; x_wconf 77' lang='lat' dir='ltr'><strong>o</strong></span> <span class='ocrx_word' id='word_1_4' title='bbox 1009 208 1069 290; x_wconf 66' lang='grc' dir='ltr'>Ε</span> <span class='ocrx_word' id='word_1_5' title='bbox 1095 233 1135 291; x_wconf 86' lang='lat' dir='ltr'><strong>s</strong></span> <span class='ocrx_word' id='word_1_6' title='bbox 1205 234 1302 293; x_wconf 86' lang='lat'>111.</span> <span class='ocrx_word' id='word_1_7' title='bbox 1796 241 1902 313; x_wconf 79' lang='lat'><strong>175</strong></span> 
     </span>
    </p>
   </div>
   <div class='ocr_carea' id='block_1_2' title="bbox 152 373 1933 2665">
    <p class='ocr_par' dir='ltr' id='par_1_2' title="bbox 152 373 1933 2665">
     <span class='ocr_line' id='line_1_2' title="bbox 200 373 1933 451; baseline 0.002 -19"><span class='ocrx_word' id='word_1_8' title='bbox 200 412 214 440; x_wconf 86' lang='lat'><strong>.·</strong></span> <span class='ocrx_word' id='word_1_9' title='bbox 307 373 441 432; x_wconf 78' lang='lat' dir='ltr'><strong>Ath.</strong></span> <span class='ocrx_word' id='word_1_10' title='bbox 479 375 665 443; x_wconf 68' lang='lat' dir='ltr'><strong>vex-03</strong></span> <span class='ocrx_word' id='word_1_11' title='bbox 701 385 868 451; x_wconf 80' lang='lat' dir='ltr'><strong>atque</strong></span> <span class='ocrx_word' id='word_1_12' title='bbox 895 377 1067 432; x_wconf 82' lang='lat' dir='ltr'><strong>etiam</strong></span> <span class='ocrx_word' id='word_1_13' title='bbox 1098 375 1321 432; x_wconf 85' lang='lat' dir='ltr'><strong>civilem</strong></span> <span class='ocrx_word' id='word_1_14' title='bbox 1353 377 1538 433; x_wconf 84' lang='lat' dir='ltr'><strong>virum</strong></span> <span class='ocrx_word' id='word_1_15' title='bbox 1577 386 1632 431; x_wconf 90' lang='lat' dir='ltr'><strong>et</strong></span> <span class='ocrx_word' id='word_1_16' title='bbox 1657 378 1788 449; x_wconf 82' lang='lat' dir='ltr'><strong>legis</strong></span> <span class='ocrx_word' id='word_1_17' title='bbox 1817 382 1901 435; x_wconf 86' lang='lat' dir='ltr'><strong>la-</strong></span> <span class='ocrx_word' id='word_1_18' title='bbox 1931 377 1933 381; x_wconf 70' lang='grc'><strong>’</strong></span> 
     </span>
     <span class='ocr_line' id='line_1_3' title="bbox 170 461 1903 535; baseline -0.001 -15"><span class='ocrx_word' id='word_1_19' title='bbox 170 474 345 520; x_wconf 71' lang='lat' dir='ltr'><strong>torem</strong></span> <span class='ocrx_word' id='word_1_20' title='bbox 384 462 605 534; x_wconf 85' lang='lat' dir='ltr'><strong>semper</strong></span> <span class='ocrx_word' id='word_1_21' title='bbox 632 461 741 515; x_wconf 86' lang='lat' dir='ltr'><strong>hoe</strong></span> <span class='ocrx_word' id='word_1_22' title='bbox 777 464 1115 534; x_wconf 79' lang='lat' dir='ltr'><strong>spectantem</strong></span> <span class='ocrx_word' id='word_1_23' title='bbox 1155 463 1363 517; x_wconf 84' lang='lat' dir='ltr'><strong>debere</strong></span> <span class='ocrx_word' id='word_1_24' title='bbox 1392 463 1538 535; x_wconf 76' lang='lat' dir='ltr'><strong>leges</strong></span> <span class='ocrx_word' id='word_1_25' title='bbox 1565 463 1903 529; x_wconf 79' lang='lat' dir='ltr'><strong>constituere,</strong></span> 
     </span>
     <span class='ocr_line' id='line_1_4' title="bbox 170 544 1903 621; baseline 0 -18"><span class='ocrx_word' id='word_1_26' title='bbox 170 558 232 603; x_wconf 83' lang='lat' dir='ltr'><strong>et</strong></span> <span class='ocrx_word' id='word_1_27' title='bbox 265 547 378 621; x_wconf 86' lang='lat' dir='ltr'><strong>ipse</strong></span> <span class='ocrx_word' id='word_1_28' title='bbox 415 544 647 601; x_wconf 85' lang='lat' dir='ltr'><strong>memini</strong></span> <span class='ocrx_word' id='word_1_29' title='bbox 683 556 738 600; x_wconf 83' lang='lat' dir='ltr'><strong>et</strong></span> <span class='ocrx_word' id='word_1_30' title='bbox 773 548 929 602; x_wconf 83' lang='lat' dir='ltr'><strong>vobis</strong></span> <span class='ocrx_word' id='word_1_31' title='bbox 966 549 1026 602; x_wconf 87' lang='lat' dir='ltr'><strong>in</strong></span> <span class='ocrx_word' id='word_1_32' title='bbox 1065 551 1400 604; x_wconf 80' lang='lat' dir='ltr'><strong>memoriam</strong></span> <span class='ocrx_word' id='word_1_33' title='bbox 1428 568 1633 603; x_wconf 84' lang='lat' dir='ltr'><strong>revoco</strong></span> <span class='ocrx_word' id='word_1_34' title='bbox 1660 566 1804 620; x_wconf 88' lang='lat' dir='ltr'><strong>quae</strong></span> <span class='ocrx_word' id='word_1_35' title='bbox 1831 551 1903 603; x_wconf 86' lang='lat' dir='ltr'><strong>ab</strong></span> 
     </span>
     <span class='ocr_line' id='line_1_5' title="bbox 166 631 1905 710; baseline 0.001 -21"><span class='ocrx_word' id='word_1_36' title='bbox 166 634 356 700; x_wconf 78' lang='lat' dir='ltr'><strong>initio,</strong></span> <span class='ocrx_word' id='word_1_37' title='bbox 394 633 434 686; x_wconf 84' lang='lat' dir='ltr'>fi</span> <span class='ocrx_word' id='word_1_38' title='bbox 479 631 876 698; x_wconf 79' lang='lat' dir='ltr'><strong>recordamur,</strong></span> <span class='ocrx_word' id='word_1_39' title='bbox 915 635 1063 689; x_wconf 89' lang='lat' dir='ltr'><strong>dicta</strong></span> <span class='ocrx_word' id='word_1_40' title='bbox 1085 634 1233 697; x_wconf 80' lang='lat' dir='ltr'><strong>sunt.</strong></span> <span class='ocrx_word' id='word_1_41' title='bbox 1272 636 1511 689; x_wconf 82' lang='lat' dir='ltr'><strong>vestram</strong></span> <span class='ocrx_word' id='word_1_42' title='bbox 1541 634 1767 704; x_wconf 87' lang='lat' dir='ltr'><strong>quidem</strong></span> <span class='ocrx_word' id='word_1_43' title='bbox 1795 654 1905 710; x_wconf 61' lang='lat' dir='ltr'><strong>pof-</strong></span> 
     </span>
     <span class='ocr_line' id='line_1_6' title="bbox 165 716 1903 791; baseline -0.001 -16"><span class='ocrx_word' id='word_1_44' title='bbox 165 720 515 775; x_wconf 79' lang='lat' dir='ltr'><strong>stulationem</strong></span> <span class='ocrx_word' id='word_1_45' title='bbox 555 716 697 772; x_wconf 85' lang='lat' dir='ltr'><strong>hane</strong></span> <span class='ocrx_word' id='word_1_46' title='bbox 730 717 908 787; x_wconf 80' lang='lat' dir='ltr'><strong>fuisse,</strong></span> <span class='ocrx_word' id='word_1_47' title='bbox 945 719 1095 774; x_wconf 90' lang='lat' dir='ltr'><strong>bono</strong></span> <span class='ocrx_word' id='word_1_48' title='bbox 1117 719 1257 791; x_wconf 79' lang='lat' dir='ltr'><strong>legis</strong></span> <span class='ocrx_word' id='word_1_49' title='bbox 1282 718 1448 774; x_wconf 83' lang='lat' dir='ltr'><strong>latori</strong></span> <span class='ocrx_word' id='word_1_50' title='bbox 1470 738 1663 774; x_wconf 78' lang='lat' dir='ltr'><strong>omnes</strong></span> <span class='ocrx_word' id='word_1_51' title='bbox 1686 725 1789 775; x_wconf 83' lang='lat' dir='ltr'><strong>effe</strong></span> <span class='ocrx_word' id='word_1_52' title='bbox 1813 722 1903 775; x_wconf 72' lang='lat' dir='ltr'><strong>le—</strong></span> 
     </span>
     <span class='ocr_line' id='line_1_7' title="bbox 166 802 1900 876; baseline 0.002 -19"><span class='ocrx_word' id='word_1_53' title='bbox 166 823 261 876; x_wconf 77' lang='lat' dir='ltr'><strong>ges</strong></span> <span class='ocrx_word' id='word_1_54' title='bbox 284 803 411 857; x_wconf 83' lang='lat' dir='ltr'><strong>belli</strong></span> <span class='ocrx_word' id='word_1_55' title='bbox 434 803 592 855; x_wconf 82' lang='lat' dir='ltr'><strong>causa</strong></span> <span class='ocrx_word' id='word_1_56' title='bbox 626 802 898 857; x_wconf 79' lang='lat' dir='ltr'><strong>ferendas.</strong></span> <span class='ocrx_word' id='word_1_57' title='bbox 939 823 1031 858; x_wconf 90' lang='lat' dir='ltr'><strong>me</strong></span> <span class='ocrx_word' id='word_1_58' title='bbox 1058 824 1194 859; x_wconf 89' lang='lat' dir='ltr'><strong>vero</strong></span> <span class='ocrx_word' id='word_1_59' title='bbox 1223 814 1421 858; x_wconf 87' lang='lat' dir='ltr'><strong>contra</strong></span> <span class='ocrx_word' id='word_1_60' title='bbox 1448 805 1722 859; x_wconf 82' lang='lat' dir='ltr'><strong>monuiffe</strong></span> <span class='ocrx_word' id='word_1_61' title='bbox 1744 804 1900 861; x_wconf 86' lang='lat' dir='ltr'><strong>illam</strong></span> 
     </span>
     <span class='ocr_line' id='line_1_8' title="bbox 162 888 1902 963; baseline -0.001 -18"><span class='ocrx_word' id='word_1_62' title='bbox 162 890 358 945; x_wconf 82' lang='lat' dir='ltr'><strong>iubere</strong></span> <span class='ocrx_word' id='word_1_63' title='bbox 389 888 554 944; x_wconf 84' lang='lat' dir='ltr'><strong>unius</strong></span> <span class='ocrx_word' id='word_1_64' title='bbox 587 889 810 941; x_wconf 77' lang='lat' dir='ltr'><strong>virtutis</strong></span> <span class='ocrx_word' id='word_1_65' title='bbox 850 891 1037 955; x_wconf 89' lang='lat' dir='ltr'><strong>causa,</strong></span> <span class='ocrx_word' id='word_1_66' title='bbox 1087 908 1263 960; x_wconf 93' lang='lat' dir='ltr'><strong>quum</strong></span> <span class='ocrx_word' id='word_1_67' title='bbox 1293 898 1560 960; x_wconf 84' lang='lat' dir='ltr'><strong>quattuor</strong></span> <span class='ocrx_word' id='word_1_68' title='bbox 1580 892 1714 956; x_wconf 82' lang='lat' dir='ltr'><strong>fint,</strong></span> <span class='ocrx_word' id='word_1_69' title='bbox 1751 891 1902 963; x_wconf 82' lang='lat' dir='ltr'><strong>leges</strong></span> 
     </span>
     <span class='ocr_line' id='line_1_9' title="bbox 164 974 1900 1046; baseline -0.002 -15"><span class='ocrx_word' id='word_1_70' title='bbox 164 976 325 1035; x_wconf 82' lang='lat' dir='ltr'><strong>ferri.</strong></span> <span class='ocrx_word' id='word_1_71' title='bbox 355 976 620 1046; x_wconf 87' lang='lat' dir='ltr'><strong>oportere</strong></span> <span class='ocrx_word' id='word_1_72' title='bbox 644 984 831 1028; x_wconf 86' lang='lat' dir='ltr'><strong>autem</strong></span> <span class='ocrx_word' id='word_1_73' title='bbox 861 974 957 1028; x_wconf 79' lang='lat' dir='ltr'><strong>has</strong></span> <span class='ocrx_word' id='word_1_74' title='bbox 983 975 1051 1028; x_wconf 88' lang='lat' dir='ltr'><strong>ad</strong></span> <span class='ocrx_word' id='word_1_75' title='bbox 1082 976 1308 1028; x_wconf 82' lang='lat' dir='ltr'><strong>omnem</strong></span> <span class='ocrx_word' id='word_1_76' title='bbox 1333 975 1582 1046; x_wconf 87' lang='lat' dir='ltr'><strong>spectare</strong></span> <span class='ocrx_word' id='word_1_77' title='bbox 1607 974 1900 1042; x_wconf 84' lang='lat' dir='ltr'><strong>virtutem,</strong></span> 
     </span>
     <span class='ocr_line' id='line_1_10' title="bbox 164 1058 1901 1133; baseline -0.003 -18"><span class='ocrx_word' id='word_1_78' title='bbox 164 1060 410 1128; x_wconf 71' lang='lat' dir='ltr'><strong>maxime</strong></span> <span class='ocrx_word' id='word_1_79' title='bbox 436 1078 567 1112; x_wconf 87' lang='lat' dir='ltr'><strong>vero</strong></span> <span class='ocrx_word' id='word_1_80' title='bbox 592 1059 660 1111; x_wconf 89' lang='lat' dir='ltr'><strong>ad</strong></span> <span class='ocrx_word' id='word_1_81' title='bbox 693 1059 934 1133; x_wconf 82' lang='lat' dir='ltr'><strong>primam</strong></span> <span class='ocrx_word' id='word_1_82' title='bbox 970 1059 1267 1113; x_wconf 84' lang='lat' dir='ltr'><strong>universae</strong></span> <span class='ocrx_word' id='word_1_83' title='bbox 1291 1058 1490 1113; x_wconf 88' lang='lat' dir='ltr'><strong>ducem</strong></span> <span class='ocrx_word' id='word_1_84' title='bbox 1517 1058 1774 1126; x_wconf 51' lang='lat' dir='ltr'><strong>virtuti-‘13</strong></span> <span class='ocrx_word' id='word_1_85' title='bbox 1819 1070 1901 1113; x_wconf 85' lang='lat' dir='ltr'><strong>at..</strong></span> 
     </span>
     <span class='ocr_line' id='line_1_11' title="bbox 168 1142 1900 1218; baseline 0.001 -20"><span class='ocrx_word' id='word_1_86' title='bbox 168 1165 277 1216; x_wconf 84' lang='lat' dir='ltr'><strong>que</strong></span> <span class='ocrx_word' id='word_1_87' title='bbox 303 1145 657 1218; x_wconf 78' lang='lat' dir='ltr'><strong>prudentiam</strong></span> <span class='ocrx_word' id='word_1_88' title='bbox 692 1144 836 1196; x_wconf 87' lang='lat' dir='ltr'><strong>hane</strong></span> <span class='ocrx_word' id='word_1_89' title='bbox 864 1148 966 1197; x_wconf 84' lang='lat' dir='ltr'><strong>effe</strong></span> <span class='ocrx_word' id='word_1_90' title='bbox 1003 1155 1058 1198; x_wconf 88' lang='lat' dir='ltr'><strong>et</strong></span> <span class='ocrx_word' id='word_1_91' title='bbox 1083 1146 1357 1198; x_wconf 84' lang='lat' dir='ltr'><strong>rationem</strong></span> <span class='ocrx_word' id='word_1_92' title='bbox 1386 1153 1440 1196; x_wconf 87' lang='lat' dir='ltr'><strong>et</strong></span> <span class='ocrx_word' id='word_1_93' title='bbox 1468 1142 1741 1199; x_wconf 86' lang='lat' dir='ltr'><strong>iudicium</strong></span> <span class='ocrx_word' id='word_1_94' title='bbox 1765 1164 1900 1210; x_wconf 88' lang='lat' dir='ltr'><strong>cum</strong></span> 
     </span>
     <span class='ocr_line' id='line_1_12' title="bbox 168 1228 1899 1299; baseline -0.001 -14"><span class='ocrx_word' id='word_1_95' title='bbox 168 1249 364 1285; x_wconf 82' lang='lat' dir='ltr'><strong>amore</strong></span> <span class='ocrx_word' id='word_1_96' title='bbox 398 1239 452 1281; x_wconf 91' lang='lat' dir='ltr'><strong>et</strong></span> <span class='ocrx_word' id='word_1_97' title='bbox 482 1228 785 1299; x_wconf 84' lang='lat' dir='ltr'><strong>cupiditate</strong></span> <span class='ocrx_word' id='word_1_98' title='bbox 814 1228 906 1282; x_wconf 85' lang='lat' dir='ltr'><strong>illa</strong></span> <span class='ocrx_word' id='word_1_99' title='bbox 934 1231 1218 1299; x_wconf 81' lang='lat' dir='ltr'><strong>sequente.</strong></span> <span class='ocrx_word' id='word_1_100' title='bbox 1291 1231 1486 1282; x_wconf 84' lang='lat' dir='ltr'><strong>eodem</strong></span> <span class='ocrx_word' id='word_1_101' title='bbox 1518 1229 1692 1299; x_wconf 81' lang='lat' dir='ltr'><strong>igitur</strong></span> <span class='ocrx_word' id='word_1_102' title='bbox 1718 1230 1899 1283; x_wconf 88' lang='lat' dir='ltr'><strong>oratio</strong></span> 
     </span>
     <span class='ocr_line' id='line_1_13' title="bbox 164 1314 1900 1384; baseline -0.003 -13"><span class='ocrx_word' id='word_1_103' title='bbox 164 1317 311 1372; x_wconf 84' lang='lat' dir='ltr'><strong>redit</strong></span> <span class='ocrx_word' id='word_1_104' title='bbox 339 1323 390 1367; x_wconf 92' lang='lat' dir='ltr'><strong>et</strong></span> <span class='ocrx_word' id='word_1_105' title='bbox 416 1314 602 1366; x_wconf 77' lang='lat' dir='ltr'><strong>diceus</strong></span> <span class='ocrx_word' id='word_1_106' title='bbox 627 1330 729 1383; x_wconf 85' lang='lat' dir='ltr'><strong>ego</strong></span> <span class='ocrx_word' id='word_1_107' title='bbox 758 1332 908 1367; x_wconf 89' lang='lat' dir='ltr'><strong>nunc</strong></span> <span class='ocrx_word' id='word_1_108' title='bbox 936 1315 1059 1368; x_wconf 84' lang='lat' dir='ltr'><strong>dico</strong></span> <span class='ocrx_word' id='word_1_109' title='bbox 1086 1317 1276 1375; x_wconf 85' lang='lat' dir='ltr'><strong>rursus</strong></span> <span class='ocrx_word' id='word_1_110' title='bbox 1305 1333 1447 1384; x_wconf 89' lang='lat' dir='ltr'><strong>quae</strong></span> <span class='ocrx_word' id='word_1_111' title='bbox 1472 1324 1611 1381; x_wconf 87' lang='lat' dir='ltr'><strong>tum,</strong></span> <span class='ocrx_word' id='word_1_112' title='bbox 1651 1316 1688 1368; x_wconf 86' lang='lat' dir='ltr'>fi</span> <span class='ocrx_word' id='word_1_113' title='bbox 1713 1314 1900 1383; x_wconf 87' lang='lat' dir='ltr'><strong>vultis,</strong></span> 
     </span>
     <span class='ocr_line' id='line_1_14' title="bbox 164 1398 1902 1472; baseline -0.003 -17"><span class='ocrx_word' id='word_1_114' title='bbox 164 1412 451 1470; x_wconf 75' lang='lat' dir='ltr'><strong>tamquam</strong></span> <span class='ocrx_word' id='word_1_115' title='bbox 479 1416 582 1469; x_wconf 86' lang='lat' dir='ltr'><strong>per</strong></span> <span class='ocrx_word' id='word_1_116' title='bbox 604 1398 801 1452; x_wconf 87' lang='lat' dir='ltr'><strong>ludum</strong></span> <span class='ocrx_word' id='word_1_117' title='bbox 829 1410 884 1454; x_wconf 86' lang='lat' dir='ltr'><strong>et</strong></span> <span class='ocrx_word' id='word_1_118' title='bbox 908 1400 1116 1465; x_wconf 86' lang='lat' dir='ltr'><strong>iocum,</strong></span> <span class='ocrx_word' id='word_1_119' title='bbox 1155 1403 1229 1455; x_wconf 88' lang='lat' dir='ltr'><strong>fin</strong></span> <span class='ocrx_word' id='word_1_120' title='bbox 1258 1408 1469 1459; x_wconf 82' lang='lat' dir='ltr'><strong>autem,</strong></span> <span class='ocrx_word' id='word_1_121' title='bbox 1507 1406 1796 1472; x_wconf 85' lang='lat' dir='ltr'><strong>tamquam</strong></span> <span class='ocrx_word' id='word_1_122' title='bbox 1820 1401 1902 1451; x_wconf 87' lang='lat' dir='ltr'><strong>se-</strong></span> 
     </span>
     <span class='ocr_line' id='line_1_15' title="bbox 157 1481 1908 1559; baseline -0.002 -18"><span class='ocrx_word' id='word_1_123' title='bbox 157 1484 258 1541; x_wconf 86' lang='lat' dir='ltr'><strong>rio.</strong></span> <span class='ocrx_word' id='word_1_124' title='bbox 335 1481 485 1553; x_wconf 87' lang='lat' dir='ltr'><strong>quod</strong></span> <span class='ocrx_word' id='word_1_125' title='bbox 523 1482 697 1551; x_wconf 86' lang='lat' dir='ltr'><strong>igitur</strong></span> <span class='ocrx_word' id='word_1_126' title='bbox 738 1483 862 1537; x_wconf 90' lang='lat' dir='ltr'><strong>dico</strong></span> <span class='ocrx_word' id='word_1_127' title='bbox 900 1484 1171 1556; x_wconf 83' lang='lat' dir='ltr'><strong>precibus·</strong></span> <span class='ocrx_word' id='word_1_128' title='bbox 1196 1486 1280 1541; x_wconf 88' lang='lat' dir='ltr'><strong>uti</strong></span> <span class='ocrx_word' id='word_1_129' title='bbox 1315 1485 1691 1559; x_wconf 89' lang='lat' dir='ltr'><strong>periculosum</strong></span> <span class='ocrx_word' id='word_1_130' title='bbox 1736 1489 1841 1539; x_wconf 84' lang='lat' dir='ltr'><strong>effe</strong></span> <span class='ocrx_word' id='word_1_131' title='bbox 1863 1486 1908 1537; x_wconf 85' lang='lat' dir='ltr'><strong>fi.</strong></span> 
     </span>
     <span class='ocr_line' id='line_1_16' title="bbox 157 1568 1901 1638; baseline -0.002 -13"><span class='ocrx_word' id='word_1_132' title='bbox 157 1577 351 1625; x_wconf 83' lang='lat' dir='ltr'><strong>mente</strong></span> <span class='ocrx_word' id='word_1_133' title='bbox 376 1569 440 1621; x_wconf 64' lang='lat' dir='ltr'><strong>fia</strong></span> <span class='ocrx_word' id='word_1_134' title='bbox 465 1577 672 1638; x_wconf 85' lang='lat' dir='ltr'><strong>captus,</strong></span> <span class='ocrx_word' id='word_1_135' title='bbox 726 1568 816 1620; x_wconf 84' lang='lat' dir='ltr'><strong>sed</strong></span> <span class='ocrx_word' id='word_1_136' title='bbox 842 1570 1042 1623; x_wconf 80' lang='lat' dir='ltr'><strong>melius</strong></span> <span class='ocrx_word' id='word_1_137' title='bbox 1070 1575 1173 1624; x_wconf 83' lang='lat' dir='ltr'><strong>effe</strong></span> <span class='ocrx_word' id='word_1_138' title='bbox 1206 1572 1240 1624; x_wconf 85' lang='lat' dir='ltr'><strong>fi</strong></span> <span class='ocrx_word' id='word_1_139' title='bbox 1281 1569 1561 1624; x_wconf 82' lang='lat' dir='ltr'><strong>contraria</strong></span> <span class='ocrx_word' id='word_1_140' title='bbox 1595 1570 1901 1622; x_wconf 83' lang='lat' dir='ltr'><strong>voluntatis</strong></span> 
     </span>
     <span class='ocr_line' id='line_1_17' title="bbox 158 1653 1900 1728; baseline -0.001 -20"><span class='ocrx_word' id='word_1_141' title='bbox 158 1653 454 1714; x_wconf 82' lang='lat' dir='ltr'><strong>eveniant,</strong></span> <span class='ocrx_word' id='word_1_142' title='bbox 493 1654 637 1706; x_wconf 84' lang='lat' dir='ltr'><strong>serio</strong></span> <span class='ocrx_word' id='word_1_143' title='bbox 673 1673 766 1707; x_wconf 87' lang='lat' dir='ltr'><strong>me</strong></span> <span class='ocrx_word' id='word_1_144' title='bbox 803 1654 910 1707; x_wconf 88' lang='lat' dir='ltr'><strong>hoc</strong></span> <span class='ocrx_word' id='word_1_145' title='bbox 937 1673 1149 1724; x_wconf 85' lang='lat' dir='ltr'><strong>ponere</strong></span> <span class='ocrx_word' id='word_1_146' title='bbox 1174 1658 1208 1709; x_wconf 86' lang='lat' dir='ltr'>fi</span> <span class='ocrx_word' id='word_1_147' title='bbox 1241 1655 1425 1721; x_wconf 67' lang='lat' dir='ltr'><strong>vulda,</strong></span> <span class='ocrx_word' id='word_1_148' title='bbox 1463 1654 1693 1728; x_wconf 71' lang='lat' dir='ltr'><strong>poniteg</strong></span> <span class='ocrx_word' id='word_1_149' title='bbox 1730 1654 1900 1727; x_wconf 88' lang='lat' dir='ltr'><strong>plane</strong></span> 
     </span>
     <span class='ocr_line' id='line_1_18' title="bbox 159 1737 1899 1810; baseline -0.001 -17"><span class='ocrx_word' id='word_1_150' title='bbox 159 1739 309 1793; x_wconf 81' lang='lat' dir='ltr'><strong>enim</strong></span> <span class='ocrx_word' id='word_1_151' title='bbox 356 1739 515 1808; x_wconf 76' lang='lat' dir='ltr'><strong>spero</strong></span> <span class='ocrx_word' id='word_1_152' title='bbox 556 1737 680 1791; x_wconf 87' lang='lat' dir='ltr'><strong>fore</strong></span> <span class='ocrx_word' id='word_1_153' title='bbox 718 1749 783 1791; x_wconf 87' lang='lat' dir='ltr'><strong>ut</strong></span> <span class='ocrx_word' id='word_1_154' title='bbox 823 1759 974 1792; x_wconf 86' lang='lat' dir='ltr'><strong>nunc</strong></span> <span class='ocrx_word' id='word_1_155' title='bbox 1014 1741 1326 1796; x_wconf 84' lang='lat' dir='ltr'><strong>orationem</strong></span> <span class='ocrx_word' id='word_1_156' title='bbox 1377 1743 1670 1810; x_wconf 72' lang='lat' dir='ltr'><strong>sequentes</strong></span> <span class='ocrx_word' id='word_1_157' title='bbox 1697 1780 1701 1785; x_wconf 82' lang='grc'><strong>.</strong></span> <span class='ocrx_word' id='word_1_158' title='bbox 1727 1758 1899 1810; x_wconf 83' lang='lat' dir='ltr'><strong>quam</strong></span> 
     </span>
     <span class='ocr_line' id='line_1_19' title="bbox 157 1822 1899 1898; baseline 0 -21"><span class='ocrx_word' id='word_1_159' title='bbox 157 1824 348 1898; x_wconf 86' lang='lat' dir='ltr'><strong>paullo</strong></span> <span class='ocrx_word' id='word_1_160' title='bbox 372 1823 536 1893; x_wconf 86' lang='lat' dir='ltr'><strong>supra</strong></span> <span class='ocrx_word' id='word_1_161' title='bbox 574 1823 913 1894; x_wconf 84' lang='lat' dir='ltr'><strong>protulimus</strong></span> <span class='ocrx_word' id='word_1_162' title='bbox 951 1824 1250 1878; x_wconf 80' lang='lat' dir='ltr'><strong>inveniatis</strong></span> <span class='ocrx_word' id='word_1_163' title='bbox 1276 1844 1584 1894; x_wconf 82' lang='lat' dir='ltr'><strong>regnorum</strong></span> <span class='ocrx_word' id='word_1_164' title='bbox 1618 1822 1899 1896; x_wconf 74' lang='lat' dir='ltr'><strong>totiusque</strong></span> 
     </span>
     <span class='ocr_line' id='line_1_20' title="bbox 158 1908 1899 1980; baseline -0.002 -16"><span class='ocrx_word' id='word_1_165' title='bbox 158 1908 387 1964; x_wconf 74' lang='lat' dir='ltr'><strong>instituti</strong></span> <span class='ocrx_word' id='word_1_166' title='bbox 447 1908 706 1961; x_wconf 83' lang='lat' dir='ltr'><strong>interitus</strong></span> <span class='ocrx_word' id='word_1_167' title='bbox 761 1927 876 1962; x_wconf 89' lang='lat' dir='ltr'><strong>non</strong></span> <span class='ocrx_word' id='word_1_168' title='bbox 937 1909 1218 1980; x_wconf 84' lang='lat' dir='ltr'><strong>ignaviam</strong></span> <span class='ocrx_word' id='word_1_169' title='bbox 1276 1909 1442 1970; x_wconf 84' lang='lat' dir='ltr'><strong>fuisse</strong></span> <span class='ocrx_word' id='word_1_170' title='bbox 1509 1910 1732 1962; x_wconf 84' lang='lat' dir='ltr'><strong>causam</strong></span> <span class='ocrx_word' id='word_1_171' title='bbox 1791 1927 1899 1961; x_wconf 90' lang='lat' dir='ltr'><strong>ne-</strong></span> 
     </span>
     <span class='ocr_line' id='line_1_21' title="bbox 158 1992 1899 2066; baseline 0 -20"><span class='ocrx_word' id='word_1_172' title='bbox 158 2012 270 2065; x_wconf 88' lang='lat' dir='ltr'><strong>que</strong></span> <span class='ocrx_word' id='word_1_173' title='bbox 306 1993 411 2046; x_wconf 89' lang='lat' dir='ltr'><strong>hoc</strong></span> <span class='ocrx_word' id='word_1_174' title='bbox 436 1993 581 2063; x_wconf 89' lang='lat' dir='ltr'><strong>quod</strong></span> <span class='ocrx_word' id='word_1_175' title='bbox 613 1993 778 2045; x_wconf 88' lang='lat' dir='ltr'><strong>duces</strong></span> <span class='ocrx_word' id='word_1_176' title='bbox 807 2004 862 2047; x_wconf 85' lang='lat' dir='ltr'><strong>et</strong></span> <span class='ocrx_word' id='word_1_177' title='bbox 889 2013 1028 2064; x_wconf 90' lang='lat' dir='ltr'><strong>quos</strong></span> <span class='ocrx_word' id='word_1_178' title='bbox 1060 1996 1376 2066; x_wconf 74' lang='lat' dir='ltr'><strong>oportuerit</strong></span> <span class='ocrx_word' id='word_1_179' title='bbox 1403 1992 1531 2046; x_wconf 86' lang='lat' dir='ltr'><strong>duci</strong></span> <span class='ocrx_word' id='word_1_180' title='bbox 1558 2013 1751 2047; x_wconf 89' lang='lat' dir='ltr'><strong>rerum</strong></span> <span class='ocrx_word' id='word_1_181' title='bbox 1783 1993 1899 2046; x_wconf 88' lang='lat' dir='ltr'><strong>mi·-</strong></span> 
     </span>
     <span class='ocr_line' id='line_1_22' title="bbox 158 2077 1898 2150; baseline -0.001 -17"><span class='ocrx_word' id='word_1_182' title='bbox 158 2077 405 2133; x_wconf 85' lang='lat' dir='ltr'><strong>litarium</strong></span> <span class='ocrx_word' id='word_1_183' title='bbox 438 2077 685 2150; x_wconf 84' lang='lat' dir='ltr'><strong>imperiti</strong></span> <span class='ocrx_word' id='word_1_184' title='bbox 716 2078 944 2145; x_wconf 85' lang='lat' dir='ltr'><strong>fuerint,</strong></span> <span class='ocrx_word' id='word_1_185' title='bbox 970 2080 1059 2132; x_wconf 80' lang='lat' dir='ltr'><strong>sed</strong></span> <span class='ocrx_word' id='word_1_186' title='bbox 1095 2079 1346 2134; x_wconf 85' lang='lat' dir='ltr'><strong>universa</strong></span> <span class='ocrx_word' id='word_1_187' title='bbox 1372 2079 1581 2149; x_wconf 80' lang='lat' dir='ltr'><strong>reliqua</strong></span> <span class='ocrx_word' id='word_1_188' title='bbox 1602 2077 1898 2131; x_wconf 73' lang='lat' dir='ltr'><strong>vitiofitate</strong></span> 
     </span>
     <span class='ocr_line' id='line_1_23' title="bbox 156 2162 1897 2235; baseline -0.001 -17"><span class='ocrx_word' id='word_1_189' title='bbox 156 2172 419 2235; x_wconf 73' lang='lat' dir='ltr'><strong>corrupta</strong></span> <span class='ocrx_word' id='word_1_190' title='bbox 440 2162 534 2215; x_wconf 79' lang='lat' dir='ltr'><strong>ina</strong></span> <span class='ocrx_word' id='word_1_191' title='bbox 565 2168 688 2228; x_wconf 83' lang='lat' dir='ltr'><strong>effe,</strong></span> <span class='ocrx_word' id='word_1_192' title='bbox 711 2165 960 2219; x_wconf 84' lang='lat' dir='ltr'><strong>maxime</strong></span> <span class='ocrx_word' id='word_1_193' title='bbox 986 2184 1126 2218; x_wconf 88' lang='lat' dir='ltr'><strong>vero</strong></span> <span class='ocrx_word' id='word_1_194' title='bbox 1152 2184 1343 2219; x_wconf 85' lang='lat' dir='ltr'><strong>rerum</strong></span> <span class='ocrx_word' id='word_1_195' title='bbox 1378 2164 1756 2217; x_wconf 82' lang='lat' dir='ltr'><strong>humanarum</strong></span> <span class='ocrx_word' id='word_1_196' title='bbox 1773 2181 1897 2234; x_wconf 84' lang='lat' dir='ltr'><strong>gra·</strong></span> 
     </span>
     <span class='ocr_line' id='line_1_24' title="bbox 152 2246 1898 2321; baseline -0.001 -18"><span class='ocrx_word' id='word_1_197' title='bbox 152 2246 501 2303; x_wconf 82' lang='lat' dir='ltr'><strong>viffimarum</strong></span> <span class='ocrx_word' id='word_1_198' title='bbox 536 2247 773 2302; x_wconf 82' lang='lat' dir='ltr'>inscitia.</span> <span class='ocrx_word' id='word_1_199' title='bbox 846 2250 953 2303; x_wconf 89' lang='lat' dir='ltr'><strong>hoc</strong></span> <span class='ocrx_word' id='word_1_200' title='bbox 994 2249 1167 2321; x_wconf 82' lang='lat' dir='ltr'><strong>igitur</strong></span> <span class='ocrx_word' id='word_1_201' title='bbox 1193 2251 1269 2303; x_wconf 76' lang='lat' dir='ltr'><strong>ita</strong></span> <span class='ocrx_word' id='word_1_202' title='bbox 1313 2250 1523 2303; x_wconf 85' lang='lat' dir='ltr'><strong>factum</strong></span> <span class='ocrx_word' id='word_1_203' title='bbox 1550 2252 1654 2302; x_wconf 82' lang='lat' dir='ltr'><strong>effe</strong></span> <span class='ocrx_word' id='word_1_204' title='bbox 1675 2257 1810 2301; x_wconf 90' lang='lat' dir='ltr'><strong>tunc</strong></span> <span class='ocrx_word' id='word_1_205' title='bbox 1839 2257 1898 2302; x_wconf 86' lang='lat' dir='ltr'><strong>et</strong></span> 
     </span>
     <span class='ocr_line' id='line_1_25' title="bbox 153 2332 1895 2409; baseline -0.001 -19"><span class='ocrx_word' id='word_1_206' title='bbox 153 2354 309 2390; x_wconf 85' lang='lat' dir='ltr'><strong>nunc</strong></span> <span class='ocrx_word' id='word_1_207' title='bbox 337 2332 478 2399; x_wconf 84' lang='lat' dir='ltr'><strong>fieri,</strong></span> <span class='ocrx_word' id='word_1_208' title='bbox 515 2334 681 2388; x_wconf 87' lang='lat' dir='ltr'><strong>ficubi</strong></span> <span class='ocrx_word' id='word_1_209' title='bbox 719 2334 834 2398; x_wconf 86' lang='lat' dir='ltr'><strong>fiat,</strong></span> <span class='ocrx_word' id='word_1_210' title='bbox 877 2347 932 2387; x_wconf 86' lang='lat' dir='ltr'><strong>et</strong></span> <span class='ocrx_word' id='word_1_211' title='bbox 955 2335 1013 2388; x_wconf 86' lang='lat' dir='ltr'><strong>in</strong></span> <span class='ocrx_word' id='word_1_212' title='bbox 1037 2337 1315 2409; x_wconf 85' lang='lat' dir='ltr'><strong>posterum</strong></span> <span class='ocrx_word' id='word_1_213' title='bbox 1345 2346 1567 2407; x_wconf 88' lang='lat' dir='ltr'><strong>tempus</strong></span> <span class='ocrx_word' id='word_1_214' title='bbox 1595 2353 1708 2386; x_wconf 89' lang='lat' dir='ltr'><strong>non</strong></span> <span class='ocrx_word' id='word_1_215' title='bbox 1733 2334 1895 2388; x_wconf 84' lang='lat' dir='ltr'><strong>aliter</strong></span> 
     </span>
     <span class='ocr_line' id='line_1_26' title="bbox 157 2418 1895 2490; baseline -0.002 -14"><span class='ocrx_word' id='word_1_216' title='bbox 157 2429 496 2476; x_wconf 79' lang='lat' dir='ltr'><strong>eventurum</strong></span> <span class='ocrx_word' id='word_1_217' title='bbox 537 2423 669 2485; x_wconf 87' lang='lat' dir='ltr'><strong>esse,</strong></span> <span class='ocrx_word' id='word_1_218' title='bbox 709 2422 745 2473; x_wconf 88' lang='lat' dir='ltr'><strong>fi</strong></span> <span class='ocrx_word' id='word_1_219' title='bbox 773 2421 968 2489; x_wconf 81' lang='lat' dir='ltr'><strong>vultis,</strong></span> <span class='ocrx_word' id='word_1_220' title='bbox 1007 2421 1253 2476; x_wconf 85' lang='lat' dir='ltr'><strong>conabor</strong></span> <span class='ocrx_word' id='word_1_221' title='bbox 1287 2420 1599 2474; x_wconf 78' lang='lat' dir='ltr'><strong>orationem</strong></span> <span class='ocrx_word' id='word_1_222' title='bbox 1631 2418 1895 2490; x_wconf 83' lang='lat' dir='ltr'><strong>deinceps</strong></span> 
     </span>
     <span class='ocr_line' id='line_1_27' title="bbox 155 2495 1894 2581; baseline -0.001 -23"><span class='ocrx_word' id='word_1_223' title='bbox 155 2508 489 2581; x_wconf 81' lang='lat' dir='ltr'><strong>persequens</strong></span> <span class='ocrx_word' id='word_1_224' title='bbox 513 2522 712 2560; x_wconf 87' lang='lat' dir='ltr'><strong>eruere</strong></span> <span class='ocrx_word' id='word_1_225' title='bbox 733 2506 1002 2581; x_wconf 84' lang='lat' dir='ltr'><strong>vobisque</strong></span> <span class='ocrx_word' id='word_1_226' title='bbox 1024 2506 1339 2581; x_wconf 83' lang='lat' dir='ltr'><strong>patefacere</strong></span> <span class='ocrx_word' id='word_1_227' title='bbox 1360 2495 1635 2577; x_wconf 78' lang='lat' dir='ltr'><strong>quantum</strong></span> <span class='ocrx_word' id='word_1_228' title='bbox 1652 2513 1894 2578; x_wconf 84' lang='lat' dir='ltr'><strong>potuero</strong></span> 
     </span>
     <span class='ocr_line' id='line_1_28' title="bbox 156 2590 590 2665; baseline 0.005 -19"><span class='ocrx_word' id='word_1_229' title='bbox 156 2591 365 2665; x_wconf 79' lang='lat' dir='ltr'><strong>quippe</strong></span> <span class='ocrx_word' id='word_1_230' title='bbox 384 2590 590 2648; x_wconf 80' lang='lat' dir='ltr'><strong>amieis.</strong></span> 
     </span>
    </p>
   </div>
   <div class='ocr_carea' id='block_1_3' title="bbox 159 2731 1894 3062">
    <p class='ocr_par' dir='ltr' id='par_1_3' title="bbox 159 2731 1894 3062">
     <span class='ocr_line' id='line_1_29' title="bbox 303 2731 1894 2808; baseline -0.003 -19"><span class='ocrx_word' id='word_1_231' title='bbox 303 2732 384 2789; x_wconf 80' lang='lat' dir='ltr'><strong>CI.</strong></span> <span class='ocrx_word' id='word_1_232' title='bbox 429 2733 629 2791; x_wconf 79' lang='lat' dir='ltr'><strong>Verbis</strong></span> <span class='ocrx_word' id='word_1_233' title='bbox 672 2735 898 2806; x_wconf 86' lang='lat' dir='ltr'><strong>quidem</strong></span> <span class='ocrx_word' id='word_1_234' title='bbox 939 2743 1021 2802; x_wconf 84' lang='lat' dir='ltr'><strong>te,</strong></span> <span class='ocrx_word' id='word_1_235' title='bbox 1082 2735 1280 2808; x_wconf 84' lang='lat' dir='ltr'><strong>hospes</strong></span> <span class='ocrx_word' id='word_1_236' title='bbox 1330 2733 1563 2789; x_wconf 84' lang='lat' dir='ltr'><strong>laudare</strong></span> <span class='ocrx_word' id='word_1_237' title='bbox 1611 2731 1894 2786; x_wconf 71' lang='lat' dir='ltr'><strong>molestius</strong></span> 
     </span>
     <span class='ocr_line' id='line_1_30' title="bbox 159 2815 1890 2893; baseline -0.003 -20"><span class='ocrx_word' id='word_1_238' title='bbox 159 2815 368 2883; x_wconf 79' lang='lat' dir='ltr'><strong>fuerit,</strong></span> <span class='ocrx_word' id='word_1_239' title='bbox 418 2835 483 2871; x_wconf 83' lang='lat' dir='ltr'><strong>re</strong></span> <span class='ocrx_word' id='word_1_240' title='bbox 521 2829 706 2874; x_wconf 85' lang='lat' dir='ltr'><strong>autem</strong></span> <span class='ocrx_word' id='word_1_241' title='bbox 760 2821 925 2876; x_wconf 87' lang='lat' dir='ltr'><strong>valde</strong></span> <span class='ocrx_word' id='word_1_242' title='bbox 969 2820 1356 2888; x_wconf 80' lang='lat' dir='ltr'><strong>laudabimus3</strong></span> <span class='ocrx_word' id='word_1_243' title='bbox 1420 2827 1684 2893; x_wconf 84' lang='lat' dir='ltr'><strong>prompto</strong></span> <span class='ocrx_word' id='word_1_244' title='bbox 1738 2817 1890 2869; x_wconf 85' lang='lat' dir='ltr'><strong>enim</strong></span> 
     </span>
     <span class='ocr_line' id='line_1_31' title="bbox 161 2899 1893 2979; baseline -0.001 -23"><span class='ocrx_word' id='word_1_245' title='bbox 161 2900 350 2956; x_wconf 72' lang='lat' dir='ltr'><strong>animo</strong></span> <span class='ocrx_word' id='word_1_246' title='bbox 372 2899 537 2955; x_wconf 83' lang='lat' dir='ltr'><strong>verba</strong></span> <span class='ocrx_word' id='word_1_247' title='bbox 563 2913 653 2958; x_wconf 85' lang='lat' dir='ltr'><strong>tua</strong></span> <span class='ocrx_word' id='word_1_248' title='bbox 681 2907 1006 2979; x_wconf 88' lang='lat' dir='ltr'><strong>sequemur,</strong></span> <span class='ocrx_word' id='word_1_249' title='bbox 1044 2925 1153 2979; x_wconf 88' lang='lat' dir='ltr'><strong>qua</strong></span> <span class='ocrx_word' id='word_1_250' title='bbox 1174 2907 1397 2979; x_wconf 88' lang='lat' dir='ltr'><strong>quidem</strong></span> <span class='ocrx_word' id='word_1_251' title='bbox 1424 2901 1662 2965; x_wconf 83' lang='lat' dir='ltr'><strong>ratione,</strong></span> <span class='ocrx_word' id='word_1_252' title='bbox 1701 2903 1794 2976; x_wconf 88' lang='lat' dir='ltr'><strong>qui</strong></span> <span class='ocrx_word' id='word_1_253' title='bbox 1818 2902 1893 2955; x_wconf 84' lang='lat' dir='ltr'><strong>li-</strong></span> 
     </span>
     <span class='ocr_line' id='line_1_32' title="bbox 162 2983 1652 3062; baseline -0.004 -15"><span class='ocrx_word' id='word_1_254' title='bbox 162 2983 427 3038; x_wconf 69' lang='lat' dir='ltr'><strong>beraliter</strong></span> <span class='ocrx_word' id='word_1_255' title='bbox 449 2985 640 3041; x_wconf 71' lang='lat' dir='ltr'><strong>laudat</strong></span> <span class='ocrx_word' id='word_1_256' title='bbox 661 2991 752 3062; x_wconf 81' lang='lat' dir='ltr'><strong>qui</strong></span> <span class='ocrx_word' id='word_1_257' title='bbox 778 3013 911 3060; x_wconf 90' lang='lat' dir='ltr'><strong>non,</strong></span> <span class='ocrx_word' id='word_1_258' title='bbox 948 2994 1195 3047; x_wconf 84' lang='lat' dir='ltr'><strong>maxime</strong></span> <span class='ocrx_word' id='word_1_259' title='bbox 1226 2994 1298 3045; x_wconf 90' lang='lat' dir='ltr'><strong>est</strong></span> <span class='ocrx_word' id='word_1_260' title='bbox 1316 2989 1652 3046; x_wconf 72' lang='lat' dir='ltr'><strong>manifestus.</strong></span> 
     </span>
    </p>
   </div>
   <div class='ocr_carea' id='block_1_4' title="bbox 303 3124 1746 3206">
    <p class='ocr_par' dir='ltr' id='par_1_4' title="bbox 303 3124 1746 3206">
     <span class='ocr_line' id='line_1_33' title="bbox 303 3124 1746 3206; baseline 0.003 -24"><span class='ocrx_word' id='word_1_261' title='bbox 303 3124 416 3184; x_wconf 78' lang='lat' dir='ltr'><strong>Me.</strong></span> <span class='ocrx_word' id='word_1_262' title='bbox 456 3124 706 3199; x_wconf 73' lang='lat' dir='ltr'><strong>Optime,</strong></span> <span class='ocrx_word' id='word_1_263' title='bbox 743 3148 780 3184; x_wconf 89' lang='lat' dir='ltr'><strong>o</strong></span> <span class='ocrx_word' id='word_1_264' title='bbox 803 3131 1007 3206; x_wconf 73' lang='lat' dir='ltr'><strong>Clinia,</strong></span> <span class='ocrx_word' id='word_1_265' title='bbox 1043 3144 1099 3191; x_wconf 83' lang='lat' dir='ltr'><strong>et</strong></span> <span class='ocrx_word' id='word_1_266' title='bbox 1122 3133 1396 3191; x_wconf 72' lang='lat' dir='ltr'><strong>faciamus</strong></span> <span class='ocrx_word' id='word_1_267' title='bbox 1417 3130 1566 3205; x_wconf 87' lang='lat' dir='ltr'><strong>quod</strong></span> <span class='ocrx_word' id='word_1_268' title='bbox 1597 3129 1746 3186; x_wconf 72' lang='lat' dir='ltr'><strong>dieis.</strong></span> 
     </span>
    </p>
   </div>
   <div class='ocr_carea' id='block_1_5' title="bbox 310 3266 1619 3350">
    <p class='ocr_par' dir='ltr' id='par_1_5' title="bbox 310 3266 1619 3350">
     <span class='ocr_line' id='line_1_34' title="bbox 310 3266 1619 3350; baseline 0.003 -27"><span class='ocrx_word' id='word_1_269' title='bbox 310 3266 396 3324; x_wconf 81' lang='lat' dir='ltr'><strong>ct.</strong></span> <span class='ocrx_word' id='word_1_270' title='bbox 435 3266 620 3325; x_wconf 85' lang='lat' dir='ltr'><strong>Erunt</strong></span> <span class='ocrx_word' id='word_1_271' title='bbox 639 3269 749 3338; x_wconf 83' lang='lat' dir='ltr'><strong>ista,</strong></span> <span class='ocrx_word' id='word_1_272' title='bbox 787 3275 819 3327; x_wconf 80' lang='lat' dir='ltr'>fi</span> <span class='ocrx_word' id='word_1_273' title='bbox 852 3273 986 3332; x_wconf 70' lang='lat' dir='ltr'><strong>«leus</strong></span> <span class='ocrx_word' id='word_1_274' title='bbox 1004 3277 1282 3345; x_wconf 81' lang='lat' dir='ltr'><strong>voluerit3</strong></span> <span class='ocrx_word' id='word_1_275' title='bbox 1320 3274 1409 3330; x_wconf 90' lang='lat' dir='ltr'><strong>dic</strong></span> <span class='ocrx_word' id='word_1_276' title='bbox 1433 3273 1619 3350; x_wconf 17' lang='lat' dir='ltr'><strong>mnodo.</strong></span> 
     </span>
    </p>
   </div>
  </div>
 </body>
</html>
