2176 3672
911 118 1438 210 LEG'Esn.
1931 175 2031 217 ιοι

305 298 450 364 dent,
486 296 631 352 addo
657 294 827 352 etiam
850 293 1028 350 robur
1051 292 1257 366 infigne
1283 303 1338 350 et
1360 295 1750 354 fortitudinem
1776 300 2034 357 cumim-
2121 303 2125 309 “

299 382 670 450 mortalitate,
736 391 793 435 et
828 380 968 435 nihil
1008 380 1156 436 aliud
1192 400 1262 435 ex
1300 381 1368 434 iis
1392 377 1551 454 'quae
1574 385 1723 437 mala
1770 386 2032 443 dicantur

298 467 532 533 habeat,
568 464 993 522 iniustitia‘vero
1025 475 1080 520 et
1103 466 1400 522 insolentia
1426 469 1537 522 sola
1565 478 1856 536 teneatur,
1898 490 2030 528 eum

297 554 469 627 igitur
492 552 592 627 qui
609 553 687 608 ita
709 553 886 615 vivat,
923 569 1040 606 non
1066 550 1292 606 beatum
1318 557 1451 623 effe,
1487 552 1579 608 sed
1602 553 1890 610 manifesto
1915 558 2031 610 mi·-

297 640 522 695 serum?
811 683 832 713 ι
946 678 950 682 «

443 720 531 780 cl.
570 722 865 782 Verisfime
889 719 1041 778 dicia

438 809 580 869 ΑιΙι.
623 810 738 863 Iam
783 807 917 878 quid
946 806 1207 878 deinceps
1228 824 1330 861 nos
1354 806 1541 862 dicere
1573 808 1830 882 oportet?
1866 810 2028 867 fortis

298 893 450 949 enim
491 904 546 947 et
577 893 833 947 robustus
873 901 928 945 et
954 892 1194 964 pulcher
1224 900 1280 944 et
1299 892 1455 947 dives
1481 894 1779 965 omniaque
1812 895 2027 951 >taciens

299 996 688 1049 quaecumque
719 976 908 1048 cupiat
944 986 1112 1029 totam
1148 994 1251 1047 per
1277 974 1480 1038 vitam,
1519 997 1711 1032 nonne
1747 980 1903 1035 vobis
1931 981 2027 1035 vi·-

298 1063 492 1129 detur,
534 1063 573 1115 fi
600 1063 827 1116 iniustus
850 1062 922 1114 est
951 1070 1007 1113 et
1036 1060 1312 1126 insolenS‚
1348 1062 1639 1116 neceffario
1661 1065 1906 1139 turpiter
1930 1066 2027 1121 vi·-

297 1149 473 1202 vere?
516 1168 590 1202 an
626 1148 734 1202 hoc
769 1145 994 1219 quidem
1033 1142 1252 1199 fortasse
1288 1147 1587 1203 conceditis
1624 1150 1867 1223 turpiter
1891 1171 2023 1207 eum

294 1233 525 1288 vivere?

437 1319 521 1374 Cl.
560 1318 708 1373 Sane
732 1314 977 1388 quidem.

433 1403 569 1463 Atlz.
610 1403 764 1476 Quid
788 1401 963 1457 vero?
995 1398 1371 1471 etiamJnale?

436 1489 525 1545 cb.
565 1490 686 1544 Hoc
709 1489 821 1542 iam
842 1507 956 1541 non
982 1488 1207 1561 pariter.
1255 1492 1258 1493 ⁷

433 1573 571 1634 Ath.
620 1574 817 1648 Quid?
862 1574 1034 1629 etiam
1068 1570 1372 1627 iniucunde
1402 1591 1523 1650 nec:¹
1544 1570 1758 1628 fibimet
1784 1570 1880 1646 ipsi
1905 1573 2022 1629 uti-

291 1662 457 1719 liter?
2015 1646 2018 1650 ’

437 1746 522 1802 cl.
563 1747 636 1800 Et
659 1744 936 1817 quomodo
962 1744 1068 1799 hoc
1099 1763 1323 1817 quoque
1338 1744 1747 1799 concedamus?

432 1831 571 1890 Ath.
611 1831 954 1904 Quomodo?
991 1831 1028 1882 fi
1062 1828 1196 1882 deus
1230 1828 1420 1894 nobis,
1455 1839 1521 1881 ut
1550 1830 1798 1897 videtur,
1834 1829 2017 1900 amici,

292 1920 388 1973 det
427 1918 871 1982 consenfionem3
926 1933 1059 1968 nam
1084 1933 1234 1966 nunc
1262 1913 1488 1983 quidem
1518 1913 1666 1967 inter
1689 1934 1786 1968 nos
1807 1915 2018 1969 discre-
2114 1939 2118 1942 >

293 2024 523 2079 pamus;
561 2000 700 2054 mihi
730 2000 878 2053 enim
906 2000 1172 2053 videntur
1199 1998 1334 2051 haec
1358 2008 1472 2051 tam
1503 1998 1818 2066 neceffaria,
1844 2017 2017 2070 quam

291 2111 364 2145 ne
387 2091 555 2144 Creta
580 2085 835 2158 quidem,
874 2105 906 2138 o
941 2083 1085 2137 bone
1112 2084 1291 2138 Clinia
1309 2124 1322 2150 ‚
1361 2082 1644 2136 manifesto
1671 2083 1845 2137 insula
1878 2088 2016 2151 esse3

291 2186 350 2228 et
372 2176 409 2227 fi
439 2172 571 2244 legis
592 2173 736 2224 lator
756 2175 918 2224 essem
936 2211 952 2237 ,
989 2170 1065 2222 ita
1093 2187 1327 2221 conarer
1354 2168 1546 2239 poetas
1569 2186 1764 2237 cogere
1790 2188 2017 2222 omnes-

289 2278 400 2331 que
440 2260 498 2312 in
534 2256 672 2309 urbe
705 2257 985 2308 versantes
1012 2254 1197 2307 dicere
1225 2270 1577 2325 poenamque
1601 2256 2015 2325 propemodum

286 2344 604 2402 maximam
639 2341 1057 2399 constituerem.
1098 2340 1136 2393 fi
1177 2338 1298 2410 quis
1329 2338 1392 2391 iu
1417 2337 1642 2408 regione
1667 2338 1873 2392 diceret
1902 2339 2015 2392 ho·-

286 2432 468 2487 mines
506 2426 778 2501 quosdam
809 2426 1145 2497 quandoque
1181 2426 1284 2477 effe
1318 2422 1605 2495 improbos
1632 2424 1878 2493 quidem,
1919 2424 2013 2479 sed

283 2513 531 2572 iucunde
560 2512 833 2578 viventes,
871 2512 965 2564 vel
990 2508 1145 2562 utilia
1172 2509 1281 2562 alia
1305 2513 1407 2562 effe
1433 2518 1488 2561 et
1511 2509 1749 2576 lucrosa,
1788 2510 2012 2564 iustiora

283 2618 425 2655 ,vero
461 2597 583 2653 alia.
659 2604 712 2648 et
752 2594 930 2648 multa
960 2593 1079 2647 fere
1117 2594 1306 2661 abiis,
1343 2612 1487 2664 quae
1509 2612 1658 2648 nunc
1685 2594 1950 2649 dicuntur
1978 2614 2010 2648 a

289 2683 548 2740 Cretibus
580 2690 635 2735 et
658 2678 1144 2744 Lacedaemoniis,
1181 2688 1245 2731 ut
1277 2676 1523 2744 videtur,
1560 2689 1724 2749 atque
1763 2682 1932 2734 etiam
1978 2699 2011 2732 a

286 2766 514 2839 reliquis
549 2766 901 2830 hominibus,
952 2765 1171 2817 diversa
1204 2764 1593 2835 persuaderem
1630 2764 1846 2819 civibus
1872 2764 2007 2818 meis

196 2880 197 2883 ¹
290 2860 357 2905 ut
380 2851 785 2921 eloquerentur.
860 2848 1006 2921 agite
1038 2850 1210 2917 enim,
1247 2867 1349 2921 per
1368 2850 1560 2903 Iovem
1588 2858 1643 2903 et
1671 2850 2008 2922 Apollinem,

290 2932 487 3007 optimi
522 2933 775 2987 virorum
793 2975 809 3003 ‚
859 2937 896 2988 fi
922 2936 1026 3003 hos
1062 2936 1210 3008 ipsos
1239 2935 1367 2988 deos
1395 2934 1491 3004 qui
1510 2934 1654 3005 leges
1679 2934 1836 2986 vobis
1856 2934 2010 2986 tule-

292 3025 428 3072 runt
450 3015 938 3089 interrogaremus:
977 3019 1334 3073 Iustisfimane
1358 3019 1471 3072 vita
1501 3021 1571 3070 est
1603 3018 2007 3085 iucundiffima‚

293 3120 365 3156 an
392 3099 533 3152 duae
557 3096 826 3170 quaedam
853 3105 974 3157 sunt
998 3105 1166 3170 vitae,
1205 3123 1444 3175 quarum
1471 3103 1855 3157 iucundisfima
1879 3123 2007 3168 una,

293 3187 471 3241 altera
491 3183 768 3239 iustiffima
790 3189 894 3241 est?
936 3189 1121 3259 quodfi
1160 3189 1296 3242 duas
1333 3189 1435 3241 effe
1467 3187 1744 3256 dicerent,
1783 3208 2008 3259 rogare-

293 3290 416 3328 mus
450 3267 667 3327 fortaffe
710 3288 805 3325 eos
836 3274 1053 3341 rursus,
1091 3276 1129 3331 fi
1164 3283 1313 3330 recte
1335 3274 1603 3330 vellemus
1629 3273 2007 3346 interrogare:
