2150 3672
708 170 1201 229 LEGESJ.
1756 175 1828 236 45

96 323 203 378 hoe
227 335 409 391 neque
428 318 550 390 lege
580 315 855 372 Tancitum
872 295 897 385 3⁸
929 330 1035 387 ego
1062 332 1195 370 vero
1218 312 1278 369 in
1299 315 1504 375 multas.
1524 319 1828 393 multisque
1856 301 1872 312 ⁶

92 405 231 462 locis
279 403 477 467 incidi,
523 412 932 478 praetereaque
980 399 1050 454 de
1099 401 1361 457 omnibus
1414 404 1830 476 propemodum

94 488 363 562 quaefivi,
401 499 459 543 et
491 489 710 556 nullam
746 486 868 542 fere
894 493 1071 540 totam
1097 497 1250 541 recte
1277 495 1561 559 peractam
1583 489 1703 545 vidi
1726 508 1831 545 neo

93 573 318 643 audivi,
352 574 389 627 fi
414 583 602 648 partes
626 571 853 645 exiguas
881 581 936 626 et
960 589 1168 646 paucas
1195 572 1454 646 excipias,
1491 573 1830 648 plerumque

0 709 4 715 .
91 677 231 714 vero
255 658 446 714 omnia
466 658 695 732 prorsus
714 659 994 731 perversa.

233 743 315 800 Cl.
356 743 662 819 Quomodo
690 744 916 797 tandem
942 742 1103 807 haec,
1133 739 1352 815 hospes,
1381 741 1592 815 ponis?
1628 744 1720 800 dio
1741 755 1830 801 et-

81 829 203 885 iam
228 830 456 894 clarius3
491 849 595 883 nos
623 830 791 895 enim,
830 841 895 883 ut
916 838 977 882 tu
996 828 1274 894 monuisti,
1311 826 1599 899 imperitia
1618 829 1830 886 harum

90 933 287 970 rerum
312 934 415 969 nec
441 915 519 969 s1
503 934 564 969 m
592 934 683 969 eas
706 915 1080 968 incideremus
1097 910 1316 966 fortaffe
1327 908 1505 964 statim
1531 915 1832 985 cognosce-

90 1018 280 1055 remus
307 1000 440 1071 quid
470 1011 620 1055 recte
646 1009 702 1053 et
726 1000 857 1071 quid
886 996 1074 1052 secus
1056 1016 1118 1049 m
1145 995 1212 1050 iis
1238 993 1419 1053 fieret.

231 1084 370 1141 Am.
408 1085 560 1139 Dicis
573 1085 722 1157 quod
750 1084 1180 1138 consentaneum
1197 1081 1300 1146 est3
1337 1089 1394 1133 at
1416 1099 1510 1134 me
1536 1092 1829 1153 exponen-⁴

92 1181 149 1224 te
179 1190 383 1225 conare
409 1171 713 1243 percipere.
785 1167 969 1221 hocne
998 1164 1279 1236 intelligis,
1314 1164 1376 1219 in
1400 1165 1662 1223 omnibus
1688 1185 1831 1221 con-

91 1257 353 1310 ventibus
378 1266 435 1309 et
465 1272 656 1309 rerum
686 1268 1173 1324 quarumcumque
1198 1251 1691 1307 communitatibus
1709 1251 1827 1309 ubi-

95 1361 201 1414 que
223 1351 437 1395 rectum
465 1340 569 1393 effe
593 1339 1012 1393 moderatorem
1043 1333 1315 1410 praefici?
1682 1352 1684 1354 ·

235 1427 318 1480 Cl.
360 1425 619 1499 Quidni.
601 1426 627 1462 ‘²

236 1509 378 1567 Ath.
419 1513 533 1566 Iam
558 1509 803 1564 diximus
818 1511 1003 1581 supra,
1025 1507 1396 1582 pugnantlum
1409 1509 1827 1564 moderatorem

94 1596 199 1649 effe
203 1595 431 1673 debere
458 1595 677 1650 fortem.

233 1682 314 1737 cl.
349 1683 518 1739 Vero.
1633 1732 1637 1745 2

231 1760 372 1823 Athss
419 1765 599 1822 Fortis
632 1766 861 1838 quidem
888 1766 1106 1840 ignavis
1142 1768 1349 1823 timore
1373 1767 1565 1822 minus
1589 1775 1827 1841 pertur-

91 1854 276 1908 batur.

248 1936 336 1991 Ol.
374 1938 494 1992 Hoc
519 1957 739 2010 quoque
770 1941 824 1993 se
845 1941 912 1993 fic
933 1939 1122 1993 habet.

237 2023 376 2079 Ath.
413 2025 529 2077 Iam
552 2025 589 2075 si
615 2023 736 2077 fieri
757 2029 932 2096 poffet
962 2035 1025 2077 ut
1045 2021 1185 2077 nihil
1208 2024 1437 2095 prorsus
1460 2021 1755 2076 timentem
1772 2031 1828 2076 et

95 2107 525 2183 perturbatione
559 2108 797 2163 liberum
846 2110 1122 2163 exercitui
1143 2108 1582 2180 praeficeremus
1604 2108 1825 2177 ducem,

94 2212 285 2249 nonne
307 2194 365 2247 id
399 2192 554 2245 omni
576 2195 746 2247 modo
772 2193 1125 2250 faceremus?

239 2279 324 2334 Cl.
361 2278 702 2335 Admodum.

235 2365 369 2419 Am.
406 2363 569 2419 Nunc
596 2374 787 2419 autem
811 2383 928 2419 non
962 2366 1029 2419 de
1053 2363 1330 2419 exercitus
1355 2364 1499 2433 duce
1517 2365 1712 2421 futuro
1735 2366 1828 2419 lo-

96 2450 322 2523 quimur
346 2449 404 2503 in
432 2451 693 2504 virorum
725 2451 1112 2505 coniunctione
1124 2449 1223 2521 qui
1249 2449 1424 2503 hostes
1440 2450 1829 2506 adversusho-

97 2538 195 2589 stes
219 2535 507 2603 bellaturi,
544 2528 637 2589 sed
672 2555 867 2590 eorum
902 2538 999 2609 qui
1022 2536 1188 2593 amici
1214 2554 1345 2590 cum
1383 2536 1576 2592 amicis
1602 2537 1662 2591 in
1685 2553 1828 2610 pace

96 2620 534 2678 benivolentiam
562 2622 1044 2677 communicaturi
1067 2623 1187 2676 fint.

243 2707 327 2763 Cl.
366 2708 552 2763 Recte.

238 2794 370 2851 Ath.
407 2793 559 2849 Talis
583 2812 720 2849 vero
756 2794 1076 2866 congressio,
1116 2793 1384 2867 siquidem
1408 2793 1641 2849 ebrietas
1664 2809 1827 2848 acce-

106 2876 200 2946 dit,
234 2897 350 2933 non
379 2881 451 2933 est
473 2878 652 2934 libera
679 2881 1136 2953 perturbatione;
1176 2880 1409 2934 nonne?

246 2962 328 3016 ΟΖ.
369 2963 483 3038 Qui
511 2964 662 3019 enim
688 2968 898 3038 potest?
935 2966 1181 3023 arbitror
1211 2967 1397 3040 potius
1424 2974 1618 3020 contra
1643 2960 1789 3017 fieri.

246 3045 383 3101 Ath.
417 3047 610 3103 Nonne
631 3050 880 3123 primurn
902 3053 988 3107 his
1016 3070 1244 3126 quoque
1267 3050 1592 3106 moderator
1614 3046 1823 3124 praefi-

105 3131 364 3187 ciendos?

250 3216 331 3272 CI.
370 3215 620 3289 Quidni?
658 3231 713 3276 et
735 3223 988 3282 omnium
1011 3223 1238 3297 quidem
1259 3222 1522 3278 maxime.
