<?xml version="1.0" encoding="UTF-8"?>
<!DOCTYPE html PUBLIC "-//W3C//DTD XHTML 1.0 Transitional//EN"
    "http://www.w3.org/TR/xhtml1/DTD/xhtml1-transitional.dtd">
<html xmlns="http://www.w3.org/1999/xhtml" xml:lang="en" lang="en">
 <head>
  <title>
</title>
<meta http-equiv="Content-Type" content="text/html;charset=utf-8" />
  <meta name='ocr-system' content='tesseract 3.04.00' />
  <meta name='ocr-capabilities' content='ocr_page ocr_carea ocr_par ocr_line ocrx_word'/>
</head>
<body>
  <div class='ocr_page' id='page_1' title='image "./quaeexstantopera06plat_0055.png"; bbox 0 0 2150 3672; ppageno 0'>
   <div class='ocr_carea' id='block_1_1' title="bbox 756 157 1949 247">
    <p class='ocr_par' dir='ltr' id='par_1_1' title="bbox 756 157 1949 247">
     <span class='ocr_line' id='line_1_1' title="bbox 756 157 1949 247; baseline 0.011 -28"><span class='ocrx_word' id='word_1_1' title='bbox 756 157 1323 227; x_wconf 45' lang='lat' dir='ltr'><strong>«utensi.</strong></span> <span class='ocrx_word' id='word_1_2' title='bbox 1874 175 1949 247; x_wconf 51' lang='lat' dir='ltr'><em>w</em></span> 
     </span>
    </p>
   </div>
   <div class='ocr_carea' id='block_1_2' title="bbox 215 309 1952 474">
    <p class='ocr_par' dir='ltr' id='par_1_2' title="bbox 215 309 1952 474">
     <span class='ocr_line' id='line_1_2' title="bbox 360 309 1952 386; baseline 0.001 -15"><span class='ocrx_word' id='word_1_3' title='bbox 360 313 489 371; x_wconf 80' lang='lat' dir='ltr'><strong>Ath.</strong></span> <span class='ocrx_word' id='word_1_4' title='bbox 544 311 752 367; x_wconf 81' lang='lat' dir='ltr'><strong>Utrum</strong></span> <span class='ocrx_word' id='word_1_5' title='bbox 791 309 961 382; x_wconf 88' lang='lat' dir='ltr'><strong>igitur</strong></span> <span class='ocrx_word' id='word_1_6' title='bbox 1000 309 1425 386; x_wconf 80' lang='lat' dir='ltr'><strong>perturbatione</strong></span> <span class='ocrx_word' id='word_1_7' title='bbox 1458 312 1732 381; x_wconf 87' lang='lat' dir='ltr'><strong>liberum,</strong></span> <span class='ocrx_word' id='word_1_8' title='bbox 1769 320 1805 373; x_wconf 81' lang='lat' dir='ltr'>fi</span> <span class='ocrx_word' id='word_1_9' title='bbox 1829 316 1952 375; x_wconf 86' lang='lat' dir='ltr'><strong>fieri</strong></span> 
     </span>
     <span class='ocr_line' id='line_1_3' title="bbox 215 390 1716 474; baseline 0 -21"><span class='ocrx_word' id='word_1_10' title='bbox 215 399 482 474; x_wconf 80' lang='lat' dir='ltr'><strong>potuerit,</strong></span> <span class='ocrx_word' id='word_1_11' title='bbox 521 390 847 452; x_wconf 77' lang='lat' dir='ltr'><strong>huiusmodi</strong></span> <span class='ocrx_word' id='word_1_12' title='bbox 874 396 1287 453; x_wconf 80' lang='lat' dir='ltr'><strong>moderatorem</strong></span> <span class='ocrx_word' id='word_1_13' title='bbox 1316 395 1435 452; x_wconf 85' lang='lat' dir='ltr'><strong>dari</strong></span> <span class='ocrx_word' id='word_1_14' title='bbox 1457 401 1716 470; x_wconf 79' lang='lat' dir='ltr'><strong>oportet?</strong></span> 
     </span>
    </p>
   </div>
   <div class='ocr_carea' id='block_1_3' title="bbox 356 510 740 586">
    <p class='ocr_par' dir='ltr' id='par_1_3' title="bbox 356 510 740 586">
     <span class='ocr_line' id='line_1_4' title="bbox 356 510 740 586; baseline -0.003 -20"><span class='ocrx_word' id='word_1_15' title='bbox 356 510 442 566; x_wconf 85' lang='lat' dir='ltr'><strong>Cl.</strong></span> <span class='ocrx_word' id='word_1_16' title='bbox 481 510 740 586; x_wconf 75' lang='lat' dir='ltr'><strong>Quidni?</strong></span> 
     </span>
    </p>
   </div>
   <div class='ocr_carea' id='block_1_4' title="bbox 212 624 1955 956">
    <p class='ocr_par' dir='ltr' id='par_1_4' title="bbox 212 624 1955 956">
     <span class='ocr_line' id='line_1_5' title="bbox 353 624 1955 699; baseline 0.002 -17"><span class='ocrx_word' id='word_1_17' title='bbox 353 625 495 682; x_wconf 78' lang='lat' dir='ltr'><strong>Ath.</strong></span> <span class='ocrx_word' id='word_1_18' title='bbox 546 625 736 699; x_wconf 85' lang='lat' dir='ltr'><strong>Atque</strong></span> <span class='ocrx_word' id='word_1_19' title='bbox 770 626 940 680; x_wconf 88' lang='lat' dir='ltr'><strong>etiam</strong></span> <span class='ocrx_word' id='word_1_20' title='bbox 975 624 1128 699; x_wconf 89' lang='lat' dir='ltr'><strong>quod</strong></span> <span class='ocrx_word' id='word_1_21' title='bbox 1168 624 1239 679; x_wconf 88' lang='lat' dir='ltr'><strong>ad</strong></span> <span class='ocrx_word' id='word_1_22' title='bbox 1280 624 1595 680; x_wconf 81' lang='lat' dir='ltr'><strong>sodalitates</strong></span> <span class='ocrx_word' id='word_1_23' title='bbox 1622 626 1851 697; x_wconf 81' lang='lat' dir='ltr'><strong>attinet,</strong></span> <span class='ocrx_word' id='word_1_24' title='bbox 1889 640 1955 686; x_wconf 84' lang='lat' dir='ltr'><strong>ut</strong></span> 
     </span>
     <span class='ocr_line' id='line_1_6' title="bbox 212 709 1954 785; baseline 0.002 -18"><span class='ocrx_word' id='word_1_25' title='bbox 212 711 574 785; x_wconf 85' lang='lat' dir='ltr'><strong>intelligitur,</strong></span> <span class='ocrx_word' id='word_1_26' title='bbox 610 710 863 784; x_wconf 85' lang='lat' dir='ltr'><strong>prudens</strong></span> <span class='ocrx_word' id='word_1_27' title='bbox 899 712 1005 766; x_wconf 76' lang='lat' dir='ltr'><strong>ess&#39;e</strong></span> <span class='ocrx_word' id='word_1_28' title='bbox 1037 712 1233 781; x_wconf 78' lang='lat' dir='ltr'><strong>debet3</strong></span> <span class='ocrx_word' id='word_1_29' title='bbox 1271 712 1344 764; x_wconf 88' lang='lat' dir='ltr'><strong>est</strong></span> <span class='ocrx_word' id='word_1_30' title='bbox 1370 709 1523 766; x_wconf 87' lang='lat' dir='ltr'><strong>enim</strong></span> <span class='ocrx_word' id='word_1_31' title='bbox 1560 714 1735 768; x_wconf 76' lang='lat' dir='ltr'><strong>custos</strong></span> <span class='ocrx_word' id='word_1_32' title='bbox 1751 714 1954 771; x_wconf 86' lang='lat' dir='ltr'><strong>amici-</strong></span> 
     </span>
     <span class='ocr_line' id='line_1_7' title="bbox 214 795 1950 869; baseline 0.004 -19"><span class='ocrx_word' id='word_1_33' title='bbox 214 797 325 852; x_wconf 82' lang='lat' dir='ltr'><strong>tiae</strong></span> <span class='ocrx_word' id='word_1_34' title='bbox 358 816 525 869; x_wconf 88' lang='lat' dir='ltr'><strong>quam</strong></span> <span class='ocrx_word' id='word_1_35' title='bbox 556 797 704 852; x_wconf 88' lang='lat' dir='ltr'><strong>inter</strong></span> <span class='ocrx_word' id='word_1_36' title='bbox 727 797 783 850; x_wconf 90' lang='lat' dir='ltr'><strong>se</strong></span> <span class='ocrx_word' id='word_1_37' title='bbox 816 797 1126 852; x_wconf 84' lang='lat' dir='ltr'><strong>iunxerunt</strong></span> <span class='ocrx_word' id='word_1_38' title='bbox 1152 795 1461 869; x_wconf 80' lang='lat' dir='ltr'><strong>praesentis</strong></span> <span class='ocrx_word' id='word_1_39' title='bbox 1496 806 1555 850; x_wconf 90' lang='lat' dir='ltr'><strong>et</strong></span> <span class='ocrx_word' id='word_1_40' title='bbox 1597 810 1828 857; x_wconf 88' lang='lat' dir='ltr'><strong>curator</strong></span> <span class='ocrx_word' id='word_1_41' title='bbox 1861 811 1950 857; x_wconf 86' lang='lat' dir='ltr'><strong>et-</strong></span> 
     </span>
     <span class='ocr_line' id='line_1_8' title="bbox 218 881 1796 956; baseline 0.001 -15"><span class='ocrx_word' id='word_1_42' title='bbox 218 882 327 941; x_wconf 79' lang='lat' dir='ltr'><strong>iam</strong></span> <span class='ocrx_word' id='word_1_43' title='bbox 357 882 587 939; x_wconf 82' lang='lat' dir='ltr'><strong>maioris</strong></span> <span class='ocrx_word' id='word_1_44' title='bbox 608 902 712 956; x_wconf 90' lang='lat' dir='ltr'><strong>per</strong></span> <span class='ocrx_word' id='word_1_45' title='bbox 733 883 1084 938; x_wconf 81' lang='lat' dir='ltr'><strong>sodalitatem</strong></span> <span class='ocrx_word' id='word_1_46' title='bbox 1112 891 1459 956; x_wconf 84' lang='lat' dir='ltr'><strong>praesentem</strong></span> <span class='ocrx_word' id='word_1_47' title='bbox 1482 881 1796 943; x_wconf 83' lang='lat' dir='ltr'><strong>faciundae.</strong></span> 
     </span>
    </p>
   </div>
   <div class='ocr_carea' id='block_1_5' title="bbox 353 981 780 1039">
    <p class='ocr_par' dir='ltr' id='par_1_5' title="bbox 353 981 780 1039">
     <span class='ocr_line' id='line_1_9' title="bbox 353 981 780 1039; baseline 0.002 -3"><span class='ocrx_word' id='word_1_48' title='bbox 353 981 433 1039; x_wconf 85' lang='lat' dir='ltr'><strong>CI.</strong></span> <span class='ocrx_word' id='word_1_49' title='bbox 473 982 780 1039; x_wconf 86' lang='lat' dir='ltr'><strong>Verisfime.</strong></span> 
     </span>
    </p>
   </div>
   <div class='ocr_carea' id='block_1_6' title="bbox 208 1086 1977 1493">
    <p class='ocr_par' dir='ltr' id='par_1_6' title="bbox 208 1086 1977 1493">
     <span class='ocr_line' id='line_1_10' title="bbox 353 1086 1977 1171; baseline 0.002 -18"><span class='ocrx_word' id='word_1_50' title='bbox 353 1094 489 1153; x_wconf 78' lang='lat' dir='ltr'><strong>Ath.</strong></span> <span class='ocrx_word' id='word_1_51' title='bbox 528 1096 729 1151; x_wconf 85' lang='lat' dir='ltr'><strong>Nonne</strong></span> <span class='ocrx_word' id='word_1_52' title='bbox 749 1096 921 1168; x_wconf 79' lang='lat' dir='ltr'><strong>igitur</strong></span> <span class='ocrx_word' id='word_1_53' title='bbox 942 1094 1185 1150; x_wconf 85' lang='lat' dir='ltr'><strong>sobrium</strong></span> <span class='ocrx_word' id='word_1_54' title='bbox 1209 1104 1267 1149; x_wconf 88' lang='lat' dir='ltr'><strong>et</strong></span> <span class='ocrx_word' id='word_1_55' title='bbox 1293 1096 1597 1171; x_wconf 84' lang='lat' dir='ltr'><strong>sapientem</strong></span> <span class='ocrx_word' id='word_1_56' title='bbox 1621 1097 1949 1165; x_wconf 85' lang='lat' dir='ltr'><strong>moderato-</strong></span> <span class='ocrx_word' id='word_1_57' title='bbox 1971 1086 1977 1091; x_wconf 59' lang='lat'>,</span> 
     </span>
     <span class='ocr_line' id='line_1_11' title="bbox 213 1180 1944 1254; baseline 0.003 -19"><span class='ocrx_word' id='word_1_58' title='bbox 213 1200 335 1236; x_wconf 89' lang='lat' dir='ltr'><strong>rem</strong></span> <span class='ocrx_word' id='word_1_59' title='bbox 363 1181 529 1236; x_wconf 84' lang='lat' dir='ltr'><strong>ebriis</strong></span> <span class='ocrx_word' id='word_1_60' title='bbox 554 1180 781 1254; x_wconf 88' lang='lat' dir='ltr'><strong>praefici</strong></span> <span class='ocrx_word' id='word_1_61' title='bbox 807 1189 1046 1254; x_wconf 86' lang='lat' dir='ltr'><strong>oportet,</strong></span> <span class='ocrx_word' id='word_1_62' title='bbox 1073 1200 1187 1235; x_wconf 89' lang='lat' dir='ltr'><strong>non</strong></span> <span class='ocrx_word' id='word_1_63' title='bbox 1211 1181 1451 1236; x_wconf 81' lang='lat' dir='ltr'><strong>contra?</strong></span> <span class='ocrx_word' id='word_1_64' title='bbox 1488 1181 1775 1239; x_wconf 88' lang='lat' dir='ltr'><strong>ebriorum</strong></span> <span class='ocrx_word' id='word_1_65' title='bbox 1792 1187 1944 1241; x_wconf 89' lang='lat' dir='ltr'><strong>enim</strong></span> 
     </span>
     <span class='ocr_line' id='line_1_12' title="bbox 210 1266 1945 1340; baseline 0.004 -21"><span class='ocrx_word' id='word_1_66' title='bbox 210 1267 398 1320; x_wconf 86' lang='lat' dir='ltr'><strong>ebrius</strong></span> <span class='ocrx_word' id='word_1_67' title='bbox 434 1277 491 1321; x_wconf 87' lang='lat' dir='ltr'><strong>et</strong></span> <span class='ocrx_word' id='word_1_68' title='bbox 524 1266 747 1320; x_wconf 84' lang='lat' dir='ltr'><strong>iuvenis</strong></span> <span class='ocrx_word' id='word_1_69' title='bbox 776 1284 879 1319; x_wconf 88' lang='lat' dir='ltr'><strong>nec</strong></span> <span class='ocrx_word' id='word_1_70' title='bbox 917 1266 1131 1340; x_wconf 82' lang='lat' dir='ltr'><strong>sapiens</strong></span> <span class='ocrx_word' id='word_1_71' title='bbox 1176 1267 1530 1330; x_wconf 85' lang='lat' dir='ltr'><strong>moderator,</strong></span> <span class='ocrx_word' id='word_1_72' title='bbox 1580 1269 1683 1323; x_wconf 86' lang='lat' dir='ltr'><strong>nifi</strong></span> <span class='ocrx_word' id='word_1_73' title='bbox 1715 1269 1945 1326; x_wconf 86' lang='lat' dir='ltr'><strong>fortuna</strong></span> 
     </span>
     <span class='ocr_line' id='line_1_13' title="bbox 210 1350 1947 1429; baseline 0.004 -26"><span class='ocrx_word' id='word_1_74' title='bbox 210 1351 518 1406; x_wconf 84' lang='lat' dir='ltr'><strong>admodum</strong></span> <span class='ocrx_word' id='word_1_75' title='bbox 546 1351 789 1407; x_wconf 86' lang='lat' dir='ltr'><strong>secunda</strong></span> <span class='ocrx_word' id='word_1_76' title='bbox 816 1350 1017 1420; x_wconf 85' lang='lat' dir='ltr'><strong>utitur,</strong></span> <span class='ocrx_word' id='word_1_77' title='bbox 1038 1371 1153 1406; x_wconf 88' lang='lat' dir='ltr'><strong>non</strong></span> <span class='ocrx_word' id='word_1_78' title='bbox 1177 1353 1352 1424; x_wconf 87' lang='lat' dir='ltr'><strong>potest</strong></span> <span class='ocrx_word' id='word_1_79' title='bbox 1374 1371 1489 1416; x_wconf 77' lang='lat' dir='ltr'><strong>non</strong></span> <span class='ocrx_word' id='word_1_80' title='bbox 1514 1354 1710 1426; x_wconf 89' lang='lat' dir='ltr'><strong>magni</strong></span> <span class='ocrx_word' id='word_1_81' title='bbox 1733 1356 1947 1429; x_wconf 84' lang='lat' dir='ltr'><strong>aliquid</strong></span> 
     </span>
     <span class='ocr_line' id='line_1_14' title="bbox 208 1435 567 1493; baseline 0.003 -3"><span class='ocrx_word' id='word_1_82' title='bbox 208 1437 340 1491; x_wconf 90' lang='lat' dir='ltr'><strong>mali</strong></span> <span class='ocrx_word' id='word_1_83' title='bbox 366 1435 567 1493; x_wconf 88' lang='lat' dir='ltr'><strong>facere.</strong></span> 
     </span>
    </p>
   </div>
   <div class='ocr_carea' id='block_1_7' title="bbox 355 1535 1539 1593">
    <p class='ocr_par' dir='ltr' id='par_1_7' title="bbox 355 1535 1539 1593">
     <span class='ocr_line' id='line_1_15' title="bbox 355 1535 1539 1593; baseline 0.001 -2"><span class='ocrx_word' id='word_1_84' title='bbox 355 1535 438 1591; x_wconf 89' lang='lat' dir='ltr'><strong>CI.</strong></span> <span class='ocrx_word' id='word_1_85' title='bbox 475 1537 710 1592; x_wconf 90' lang='lat' dir='ltr'><strong>Prorsus</strong></span> <span class='ocrx_word' id='word_1_86' title='bbox 737 1538 975 1593; x_wconf 86' lang='lat' dir='ltr'><strong>secunda</strong></span> <span class='ocrx_word' id='word_1_87' title='bbox 997 1547 1189 1591; x_wconf 80' lang='lat' dir='ltr'><strong>utatur</strong></span> <span class='ocrx_word' id='word_1_88' title='bbox 1210 1541 1422 1592; x_wconf 81' lang='lat' dir='ltr'><strong>necesse</strong></span> <span class='ocrx_word' id='word_1_89' title='bbox 1450 1540 1539 1593; x_wconf 89' lang='lat' dir='ltr'><strong>est.</strong></span> 
     </span>
    </p>
   </div>
   <div class='ocr_carea' id='block_1_8' title="bbox 203 1636 1945 2482">
    <p class='ocr_par' dir='ltr' id='par_1_8' title="bbox 203 1636 1945 2482">
     <span class='ocr_line' id='line_1_16' title="bbox 349 1636 1945 1712; baseline 0.003 -19"><span class='ocrx_word' id='word_1_90' title='bbox 349 1637 484 1693; x_wconf 70' lang='lat' dir='ltr'><strong>Atlz.</strong></span> <span class='ocrx_word' id='word_1_91' title='bbox 531 1639 726 1709; x_wconf 87' lang='lat' dir='ltr'><strong>Itaque</strong></span> <span class='ocrx_word' id='word_1_92' title='bbox 763 1638 802 1689; x_wconf 87' lang='lat' dir='ltr'>fi</span> <span class='ocrx_word' id='word_1_93' title='bbox 837 1638 961 1710; x_wconf 86' lang='lat' dir='ltr'><strong>quis</strong></span> <span class='ocrx_word' id='word_1_94' title='bbox 980 1637 1081 1691; x_wconf 89' lang='lat' dir='ltr'><strong>has</strong></span> <span class='ocrx_word' id='word_1_95' title='bbox 1104 1636 1419 1693; x_wconf 81' lang='lat' dir='ltr'><strong>sodalitates</strong></span> <span class='ocrx_word' id='word_1_96' title='bbox 1442 1638 1738 1695; x_wconf 75' lang='lat' dir='ltr'><strong>rectissime</strong></span> <span class='ocrx_word' id='word_1_97' title='bbox 1758 1659 1945 1712; x_wconf 89' lang='lat' dir='ltr'><strong>quan·-</strong></span> 
     </span>
     <span class='ocr_line' id='line_1_17' title="bbox 207 1723 1945 1802; baseline 0.003 -26"><span class='ocrx_word' id='word_1_98' title='bbox 207 1731 330 1794; x_wconf 85' lang='lat' dir='ltr'><strong>tum</strong></span> <span class='ocrx_word' id='word_1_99' title='bbox 354 1723 479 1777; x_wconf 87' lang='lat' dir='ltr'><strong>fieri</strong></span> <span class='ocrx_word' id='word_1_100' title='bbox 507 1726 685 1796; x_wconf 89' lang='lat' dir='ltr'><strong>potest</strong></span> <span class='ocrx_word' id='word_1_101' title='bbox 708 1723 770 1777; x_wconf 90' lang='lat' dir='ltr'><strong>in</strong></span> <span class='ocrx_word' id='word_1_102' title='bbox 800 1723 1112 1778; x_wconf 85' lang='lat' dir='ltr'><strong>civitatibus</strong></span> <span class='ocrx_word' id='word_1_103' title='bbox 1133 1734 1388 1797; x_wconf 86' lang='lat' dir='ltr'><strong>peractas</strong></span> <span class='ocrx_word' id='word_1_104' title='bbox 1421 1726 1731 1797; x_wconf 86' lang='lat' dir='ltr'><strong>vituperet,</strong></span> <span class='ocrx_word' id='word_1_105' title='bbox 1767 1727 1945 1802; x_wconf 88' lang='lat' dir='ltr'><strong>ipsam</strong></span> 
     </span>
     <span class='ocr_line' id='line_1_18' title="bbox 206 1810 1944 1883; baseline 0.005 -22"><span class='ocrx_word' id='word_1_106' title='bbox 206 1810 625 1882; x_wconf 85' lang='lat' dir='ltr'><strong>reprehendens</strong></span> <span class='ocrx_word' id='word_1_107' title='bbox 665 1830 786 1864; x_wconf 85' lang='lat' dir='ltr'><strong>rem</strong></span> <span class='ocrx_word' id='word_1_108' title='bbox 806 1852 823 1876; x_wconf 88' lang='lat'><em>,</em></span> <span class='ocrx_word' id='word_1_109' title='bbox 872 1810 1098 1864; x_wconf 86' lang='lat' dir='ltr'><strong>forfitan</strong></span> <span class='ocrx_word' id='word_1_110' title='bbox 1140 1819 1295 1863; x_wconf 87' lang='lat' dir='ltr'><strong>recte</strong></span> <span class='ocrx_word' id='word_1_111' title='bbox 1330 1810 1616 1883; x_wconf 87' lang='lat' dir='ltr'><strong>vituperet</strong></span> <span class='ocrx_word' id='word_1_112' title='bbox 1630 1833 1648 1881; x_wconf 85' lang='lat'>3</span> <span class='ocrx_word' id='word_1_113' title='bbox 1695 1815 1774 1869; x_wconf 86' lang='lat' dir='ltr'><strong>fin</strong></span> <span class='ocrx_word' id='word_1_114' title='bbox 1803 1833 1944 1869; x_wconf 81' lang='lat' dir='ltr'><strong>vero</strong></span> 
     </span>
     <span class='ocr_line' id='line_1_19' title="bbox 207 1893 1944 1972; baseline 0.004 -26"><span class='ocrx_word' id='word_1_115' title='bbox 207 1894 407 1965; x_wconf 88' lang='lat' dir='ltr'><strong>aliquis</strong></span> <span class='ocrx_word' id='word_1_116' title='bbox 431 1897 759 1967; x_wconf 88' lang='lat' dir='ltr'><strong>perversum</strong></span> <span class='ocrx_word' id='word_1_117' title='bbox 796 1914 966 1969; x_wconf 88' lang='lat' dir='ltr'><strong>quam</strong></span> <span class='ocrx_word' id='word_1_118' title='bbox 990 1893 1243 1948; x_wconf 86' lang='lat' dir='ltr'><strong>maxime</strong></span> <span class='ocrx_word' id='word_1_119' title='bbox 1265 1894 1577 1949; x_wconf 85' lang='lat' dir='ltr'><strong>institutum</strong></span> <span class='ocrx_word' id='word_1_120' title='bbox 1598 1897 1756 1954; x_wconf 84' lang='lat' dir='ltr'><strong>videt</strong></span> <span class='ocrx_word' id='word_1_121' title='bbox 1781 1898 1944 1972; x_wconf 86' lang='lat' dir='ltr'><strong>eique</strong></span> 
     </span>
     <span class='ocr_line' id='line_1_20' title="bbox 208 1977 1942 2055; baseline 0.004 -24"><span class='ocrx_word' id='word_1_122' title='bbox 208 1980 529 2034; x_wconf 89' lang='lat' dir='ltr'><strong>convicium</strong></span> <span class='ocrx_word' id='word_1_123' title='bbox 554 1981 704 2047; x_wconf 79' lang='lat' dir='ltr'><strong>facit,</strong></span> <span class='ocrx_word' id='word_1_124' title='bbox 743 1983 993 2054; x_wconf 86' lang='lat' dir='ltr'><strong>primum</strong></span> <span class='ocrx_word' id='word_1_125' title='bbox 1014 1988 1168 2052; x_wconf 88' lang='lat' dir='ltr'><strong>patet</strong></span> <span class='ocrx_word' id='word_1_126' title='bbox 1196 1998 1328 2032; x_wconf 89' lang='lat' dir='ltr'><strong>eum</strong></span> <span class='ocrx_word' id='word_1_127' title='bbox 1356 1980 1572 2034; x_wconf 86' lang='lat' dir='ltr'><strong>nescire</strong></span> <span class='ocrx_word' id='word_1_128' title='bbox 1594 1977 1731 2035; x_wconf 90' lang='lat' dir='ltr'><strong>illud</strong></span> <span class='ocrx_word' id='word_1_129' title='bbox 1753 1983 1942 2055; x_wconf 89' lang='lat' dir='ltr'><strong>ipsum</strong></span> 
     </span>
     <span class='ocr_line' id='line_1_21' title="bbox 207 2063 1942 2138; baseline 0.003 -21"><span class='ocrx_word' id='word_1_130' title='bbox 207 2083 321 2118; x_wconf 87' lang='lat' dir='ltr'><strong>non</strong></span> <span class='ocrx_word' id='word_1_131' title='bbox 350 2074 503 2118; x_wconf 89' lang='lat' dir='ltr'><strong>recte</strong></span> <span class='ocrx_word' id='word_1_132' title='bbox 523 2068 734 2138; x_wconf 85' lang='lat' dir='ltr'><strong>peragi,</strong></span> <span class='ocrx_word' id='word_1_133' title='bbox 774 2065 978 2120; x_wconf 87' lang='lat' dir='ltr'><strong>deinde</strong></span> <span class='ocrx_word' id='word_1_134' title='bbox 1000 2063 1245 2135; x_wconf 87' lang='lat' dir='ltr'><strong>quidque</strong></span> <span class='ocrx_word' id='word_1_135' title='bbox 1269 2064 1375 2117; x_wconf 86' lang='lat' dir='ltr'><strong>hac</strong></span> <span class='ocrx_word' id='word_1_136' title='bbox 1399 2064 1620 2118; x_wconf 89' lang='lat' dir='ltr'><strong>ratione</strong></span> <span class='ocrx_word' id='word_1_137' title='bbox 1647 2076 1942 2138; x_wconf 88' lang='lat' dir='ltr'><strong>repertum</strong></span> 
     </span>
     <span class='ocr_line' id='line_1_22' title="bbox 205 2148 1941 2223; baseline 0.003 -21"><span class='ocrx_word' id='word_1_138' title='bbox 205 2148 275 2202; x_wconf 88' lang='lat' dir='ltr'><strong>iri</strong></span> <span class='ocrx_word' id='word_1_139' title='bbox 301 2168 559 2221; x_wconf 83' lang='lat' dir='ltr'><strong>pravum,</strong></span> <span class='ocrx_word' id='word_1_140' title='bbox 578 2153 686 2203; x_wconf 84' lang='lat' dir='ltr'><strong>fine</strong></span> <span class='ocrx_word' id='word_1_141' title='bbox 709 2152 937 2204; x_wconf 89' lang='lat' dir='ltr'><strong>domino</strong></span> <span class='ocrx_word' id='word_1_142' title='bbox 963 2161 1018 2202; x_wconf 84' lang='lat' dir='ltr'><strong>et</strong></span> <span class='ocrx_word' id='word_1_143' title='bbox 1041 2149 1394 2202; x_wconf 82' lang='lat' dir='ltr'><strong>moderatore</strong></span> <span class='ocrx_word' id='word_1_144' title='bbox 1415 2149 1594 2204; x_wconf 85' lang='lat' dir='ltr'><strong>sobrio</strong></span> <span class='ocrx_word' id='word_1_145' title='bbox 1615 2162 1941 2223; x_wconf 79' lang='lat' dir='ltr'><strong>peractum3</strong></span> 
     </span>
     <span class='ocr_line' id='line_1_23' title="bbox 205 2233 1942 2310; baseline 0.002 -21"><span class='ocrx_word' id='word_1_146' title='bbox 205 2253 279 2289; x_wconf 88' lang='lat' dir='ltr'><strong>an</strong></span> <span class='ocrx_word' id='word_1_147' title='bbox 307 2254 424 2288; x_wconf 89' lang='lat' dir='ltr'><strong>non</strong></span> <span class='ocrx_word' id='word_1_148' title='bbox 452 2234 715 2307; x_wconf 84' lang='lat' dir='ltr'><strong>intelligis</strong></span> <span class='ocrx_word' id='word_1_149' title='bbox 742 2235 865 2301; x_wconf 88' lang='lat' dir='ltr'><strong>hoc,</strong></span> <span class='ocrx_word' id='word_1_150' title='bbox 888 2235 1106 2288; x_wconf 91' lang='lat' dir='ltr'><strong>ebrium</strong></span> <span class='ocrx_word' id='word_1_151' title='bbox 1131 2233 1571 2304; x_wconf 88' lang='lat' dir='ltr'><strong>gubernatorem</strong></span> <span class='ocrx_word' id='word_1_152' title='bbox 1589 2245 1645 2288; x_wconf 89' lang='lat' dir='ltr'><strong>et</strong></span> <span class='ocrx_word' id='word_1_153' title='bbox 1661 2254 1942 2310; x_wconf 88' lang='lat' dir='ltr'><strong>quemque</strong></span> 
     </span>
     <span class='ocr_line' id='line_1_24' title="bbox 206 2319 1940 2392; baseline 0.002 -18"><span class='ocrx_word' id='word_1_154' title='bbox 206 2321 480 2392; x_wconf 80' lang='lat' dir='ltr'><strong>cuiusque</strong></span> <span class='ocrx_word' id='word_1_155' title='bbox 521 2320 604 2375; x_wconf 88' lang='lat' dir='ltr'><strong>rei</strong></span> <span class='ocrx_word' id='word_1_156' title='bbox 644 2320 1059 2375; x_wconf 88' lang='lat' dir='ltr'><strong>moderatorem</strong></span> <span class='ocrx_word' id='word_1_157' title='bbox 1108 2327 1361 2371; x_wconf 81' lang='lat' dir='ltr'><strong>evertere</strong></span> <span class='ocrx_word' id='word_1_158' title='bbox 1398 2319 1591 2374; x_wconf 88' lang='lat' dir='ltr'><strong>omnia</strong></span> <span class='ocrx_word' id='word_1_159' title='bbox 1623 2322 1733 2376; x_wconf 87' lang='lat' dir='ltr'><strong>five</strong></span> <span class='ocrx_word' id='word_1_160' title='bbox 1764 2343 1940 2378; x_wconf 88' lang='lat' dir='ltr'><strong>naves</strong></span> 
     </span>
     <span class='ocr_line' id='line_1_25' title="bbox 203 2403 1941 2482; baseline 0.001 -22"><span class='ocrx_word' id='word_1_161' title='bbox 203 2408 309 2460; x_wconf 86' lang='lat' dir='ltr'><strong>fint</strong></span> <span class='ocrx_word' id='word_1_162' title='bbox 344 2408 455 2460; x_wconf 86' lang='lat' dir='ltr'><strong>five</strong></span> <span class='ocrx_word' id='word_1_163' title='bbox 478 2426 675 2462; x_wconf 83' lang='lat' dir='ltr'><strong>currus</strong></span> <span class='ocrx_word' id='word_1_164' title='bbox 695 2409 808 2462; x_wconf 84' lang='lat' dir='ltr'><strong>five</strong></span> <span class='ocrx_word' id='word_1_165' title='bbox 831 2405 1113 2462; x_wconf 84' lang='lat' dir='ltr'><strong>exercitus</strong></span> <span class='ocrx_word' id='word_1_166' title='bbox 1126 2406 1220 2460; x_wconf 89' lang='lat' dir='ltr'><strong>seu</strong></span> <span class='ocrx_word' id='word_1_167' title='bbox 1236 2403 1628 2478; x_wconf 86' lang='lat' dir='ltr'><strong>quodcumque</strong></span> <span class='ocrx_word' id='word_1_168' title='bbox 1648 2407 1719 2461; x_wconf 91' lang='lat' dir='ltr'><strong>ab</strong></span> <span class='ocrx_word' id='word_1_169' title='bbox 1742 2427 1804 2463; x_wconf 91' lang='lat' dir='ltr'><strong>eo</strong></span> <span class='ocrx_word' id='word_1_170' title='bbox 1830 2428 1941 2482; x_wconf 88' lang='lat' dir='ltr'><strong>gu-</strong></span> 
     </span>
    </p>
   </div>
   <div class='ocr_carea' id='block_1_9' title="bbox 118 2488 510 2547">
    <p class='ocr_par' dir='ltr' id='par_1_9' title="bbox 118 2488 510 2547">
     <span class='ocr_line' id='line_1_26' title="bbox 118 2488 510 2547; baseline 0.008 -3"><span class='ocrx_word' id='word_1_171' title='bbox 118 2488 123 2489; x_wconf 40' lang='lat'><em>⁷</em></span> <span class='ocrx_word' id='word_1_172' title='bbox 201 2490 470 2547; x_wconf 88' lang='lat' dir='ltr'><strong>bernetur</strong></span> <span class='ocrx_word' id='word_1_173' title='bbox 489 2492 510 2546; x_wconf 66' lang='grc' dir='ltr'><strong><em>ἓ</em></strong></span> 
     </span>
    </p>
   </div>
   <div class='ocr_carea' id='block_1_10' title="bbox 187 2602 1940 3197">
    <p class='ocr_par' dir='ltr' id='par_1_10' title="bbox 187 2602 1940 3197">
     <span class='ocr_line' id='line_1_27' title="bbox 350 2602 1938 2680; baseline 0.001 -19"><span class='ocrx_word' id='word_1_174' title='bbox 350 2607 437 2661; x_wconf 81' lang='lat' dir='ltr'><strong>CI.</strong></span> <span class='ocrx_word' id='word_1_175' title='bbox 485 2606 659 2662; x_wconf 87' lang='lat' dir='ltr'><strong>Plane</strong></span> <span class='ocrx_word' id='word_1_176' title='bbox 691 2607 798 2663; x_wconf 87' lang='lat' dir='ltr'><strong>hoc</strong></span> <span class='ocrx_word' id='word_1_177' title='bbox 837 2604 1065 2680; x_wconf 90' lang='lat' dir='ltr'><strong>quidem</strong></span> <span class='ocrx_word' id='word_1_178' title='bbox 1088 2623 1221 2659; x_wconf 87' lang='lat' dir='ltr'><strong>vere</strong></span> <span class='ocrx_word' id='word_1_179' title='bbox 1245 2602 1440 2670; x_wconf 82' lang='lat' dir='ltr'><strong>dixisti,</strong></span> <span class='ocrx_word' id='word_1_180' title='bbox 1476 2605 1697 2680; x_wconf 68' lang='lat' dir='ltr'><strong>hospeS,</strong></span> <span class='ocrx_word' id='word_1_181' title='bbox 1738 2607 1938 2664; x_wconf 88' lang='lat' dir='ltr'><strong>deinde</strong></span> 
     </span>
     <span class='ocr_line' id='line_1_28' title="bbox 205 2690 1940 2766; baseline 0.003 -23"><span class='ocrx_word' id='word_1_182' title='bbox 205 2709 344 2745; x_wconf 85' lang='lat' dir='ltr'><strong>vero</strong></span> <span class='ocrx_word' id='word_1_183' title='bbox 373 2691 534 2746; x_wconf 83' lang='lat' dir='ltr'><strong>nobis</strong></span> <span class='ocrx_word' id='word_1_184' title='bbox 562 2692 671 2760; x_wconf 88' lang='lat' dir='ltr'><strong>dic,</strong></span> <span class='ocrx_word' id='word_1_185' title='bbox 710 2693 843 2766; x_wconf 86' lang='lat' dir='ltr'><strong>quid</strong></span> <span class='ocrx_word' id='word_1_186' title='bbox 871 2692 1101 2748; x_wconf 90' lang='lat' dir='ltr'><strong>tandem</strong></span> <span class='ocrx_word' id='word_1_187' title='bbox 1128 2690 1264 2744; x_wconf 91' lang='lat' dir='ltr'><strong>boni</strong></span> <span class='ocrx_word' id='word_1_188' title='bbox 1297 2692 1636 2764; x_wconf 87' lang='lat' dir='ltr'><strong>compotatio</strong></span> <span class='ocrx_word' id='word_1_189' title='bbox 1662 2694 1784 2766; x_wconf 88' lang='lat' dir='ltr'><strong>lege</strong></span> <span class='ocrx_word' id='word_1_190' title='bbox 1806 2696 1940 2749; x_wconf 88' lang='lat' dir='ltr'><strong>san-</strong></span> 
     </span>
     <span class='ocr_line' id='line_1_29' title="bbox 205 2775 1937 2855; baseline 0.003 -26"><span class='ocrx_word' id='word_1_191' title='bbox 205 2775 368 2830; x_wconf 87' lang='lat' dir='ltr'><strong>citafi</strong></span> <span class='ocrx_word' id='word_1_192' title='bbox 389 2788 538 2833; x_wconf 87' lang='lat' dir='ltr'><strong>recte</strong></span> <span class='ocrx_word' id='word_1_193' title='bbox 574 2790 876 2853; x_wconf 86' lang='lat' dir='ltr'><strong>peragatur</strong></span> <span class='ocrx_word' id='word_1_194' title='bbox 896 2777 1053 2833; x_wconf 80' lang='lat' dir='ltr'><strong>nobis</strong></span> <span class='ocrx_word' id='word_1_195' title='bbox 1090 2776 1315 2842; x_wconf 85' lang='lat' dir='ltr'><strong>afferat3</strong></span> <span class='ocrx_word' id='word_1_196' title='bbox 1352 2776 1540 2845; x_wconf 83' lang='lat' dir='ltr'><strong>velut,</strong></span> <span class='ocrx_word' id='word_1_197' title='bbox 1576 2781 1727 2849; x_wconf 85' lang='lat' dir='ltr'><strong>quod</strong></span> <span class='ocrx_word' id='word_1_198' title='bbox 1766 2782 1937 2855; x_wconf 86' lang='lat' dir='ltr'><strong>supra</strong></span> 
     </span>
     <span class='ocr_line' id='line_1_30' title="bbox 187 2859 1937 2939; baseline 0.005 -27"><span class='ocrx_word' id='word_1_199' title='bbox 187 2859 472 2924; x_wconf 81' lang='lat' dir='ltr'><strong>diximus,</strong></span> <span class='ocrx_word' id='word_1_200' title='bbox 508 2863 549 2916; x_wconf 85' lang='lat' dir='ltr'>fi</span> <span class='ocrx_word' id='word_1_201' title='bbox 584 2866 855 2921; x_wconf 83' lang='lat' dir='ltr'><strong>exercitus</strong></span> <span class='ocrx_word' id='word_1_202' title='bbox 889 2875 1108 2920; x_wconf 86' lang='lat' dir='ltr'><strong>rectum</strong></span> <span class='ocrx_word' id='word_1_203' title='bbox 1130 2861 1436 2939; x_wconf 88' lang='lat' dir='ltr'><strong>imperium</strong></span> <span class='ocrx_word' id='word_1_204' title='bbox 1462 2862 1811 2932; x_wconf 89' lang='lat' dir='ltr'><strong>nanciscitur,</strong></span> <span class='ocrx_word' id='word_1_205' title='bbox 1847 2867 1937 2920; x_wconf 88' lang='lat' dir='ltr'><strong>vi-</strong></span> 
     </span>
     <span class='ocr_line' id='line_1_31' title="bbox 208 2944 1938 3025; baseline 0.006 -31"><span class='ocrx_word' id='word_1_206' title='bbox 208 2944 382 2999; x_wconf 82' lang='lat' dir='ltr'><strong>ctoria</strong></span> <span class='ocrx_word' id='word_1_207' title='bbox 406 2946 465 3002; x_wconf 85' lang='lat' dir='ltr'><strong>in</strong></span> <span class='ocrx_word' id='word_1_208' title='bbox 489 2947 632 3004; x_wconf 88' lang='lat' dir='ltr'><strong>bello</strong></span> <span class='ocrx_word' id='word_1_209' title='bbox 660 2950 710 3004; x_wconf 90' lang='lat' dir='ltr'><strong>ei</strong></span> <span class='ocrx_word' id='word_1_210' title='bbox 735 2947 1067 3025; x_wconf 88' lang='lat' dir='ltr'><strong>parentibus</strong></span> <span class='ocrx_word' id='word_1_211' title='bbox 1094 2950 1351 3022; x_wconf 89' lang='lat' dir='ltr'><strong>obtingit,</strong></span> <span class='ocrx_word' id='word_1_212' title='bbox 1374 2950 1523 3005; x_wconf 91' lang='lat' dir='ltr'><strong>haud</strong></span> <span class='ocrx_word' id='word_1_213' title='bbox 1540 2949 1807 3023; x_wconf 79' lang='lat' dir='ltr'><strong>exiguum</strong></span> <span class='ocrx_word' id='word_1_214' title='bbox 1827 2950 1938 3005; x_wconf 92' lang='lat' dir='ltr'><strong>bo-</strong></span> 
     </span>
     <span class='ocr_line' id='line_1_32' title="bbox 207 3035 1936 3108; baseline 0.004 -26"><span class='ocrx_word' id='word_1_215' title='bbox 207 3045 380 3089; x_wconf 65' lang='lat' dir='ltr'><strong>numt</strong></span> <span class='ocrx_word' id='word_1_216' title='bbox 417 3040 474 3085; x_wconf 86' lang='lat' dir='ltr'><strong>et</strong></span> <span class='ocrx_word' id='word_1_217' title='bbox 505 3043 690 3090; x_wconf 83' lang='lat' dir='ltr'><strong>cetera</strong></span> <span class='ocrx_word' id='word_1_218' title='bbox 728 3038 1002 3093; x_wconf 82' lang='lat' dir='ltr'><strong>fimiliter:</strong></span> <span class='ocrx_word' id='word_1_219' title='bbox 1038 3037 1364 3093; x_wconf 86' lang='lat' dir='ltr'><strong>convivium</strong></span> <span class='ocrx_word' id='word_1_220' title='bbox 1392 3056 1531 3092; x_wconf 86' lang='lat' dir='ltr'><strong>vero</strong></span> <span class='ocrx_word' id='word_1_221' title='bbox 1559 3038 1596 3091; x_wconf 87' lang='lat' dir='ltr'><strong>fi</strong></span> <span class='ocrx_word' id='word_1_222' title='bbox 1622 3035 1762 3089; x_wconf 89' lang='lat' dir='ltr'><strong>bene</strong></span> <span class='ocrx_word' id='word_1_223' title='bbox 1786 3036 1936 3108; x_wconf 85' lang='lat' dir='ltr'><strong>regi-</strong></span> 
     </span>
     <span class='ocr_line' id='line_1_33' title="bbox 210 3113 1816 3197; baseline -0.007 -11"><span class='ocrx_word' id='word_1_224' title='bbox 210 3121 305 3167; x_wconf 54' lang='lat' dir='ltr'><strong>tur</strong></span> <span class='ocrx_word' id='word_1_225' title='bbox 326 3113 594 3185; x_wconf 58' lang='lat' dir='ltr'><strong>‘lumnam</strong></span> <span class='ocrx_word' id='word_1_226' title='bbox 621 3123 811 3194; x_wconf 84' lang='lat' dir='ltr'><strong>magni</strong></span> <span class='ocrx_word' id='word_1_227' title='bbox 836 3124 1042 3197; x_wconf 86' lang='lat' dir='ltr'><strong>privati</strong></span> <span class='ocrx_word' id='word_1_228' title='bbox 1068 3124 1156 3179; x_wconf 88' lang='lat' dir='ltr'><strong>vel</strong></span> <span class='ocrx_word' id='word_1_229' title='bbox 1182 3122 1371 3177; x_wconf 88' lang='lat' dir='ltr'><strong>civitas</strong></span> <span class='ocrx_word' id='word_1_230' title='bbox 1399 3115 1816 3195; x_wconf 78' lang='lat' dir='ltr'><strong>adipiscuntur?</strong></span> 
     </span>
    </p>
   </div>
   <div class='ocr_carea' id='block_1_11' title="bbox 209 3224 1932 3395">
    <p class='ocr_par' dir='ltr' id='par_1_11' title="bbox 209 3224 1932 3395">
     <span class='ocr_line' id='line_1_34' title="bbox 352 3224 1931 3312; baseline -0.004 -21"><span class='ocrx_word' id='word_1_231' title='bbox 352 3226 493 3281; x_wconf 72' lang='lat' dir='ltr'><strong>Alll·</strong></span> <span class='ocrx_word' id='word_1_232' title='bbox 532 3230 686 3303; x_wconf 87' lang='lat' dir='ltr'><strong>Quid</strong></span> <span class='ocrx_word' id='word_1_233' title='bbox 712 3252 847 3290; x_wconf 82' lang='lat' dir='ltr'><strong>vero</strong></span> <span class='ocrx_word' id='word_1_234' title='bbox 863 3238 891 3291; x_wconf 72' lang='lat'><strong>‘2</strong></span> <span class='ocrx_word' id='word_1_235' title='bbox 917 3241 954 3292; x_wconf 87' lang='lat' dir='ltr'><strong>s1</strong></span> <span class='ocrx_word' id='word_1_236' title='bbox 970 3224 1114 3312; x_wconf 81' lang='lat' dir='ltr'><strong>puer</strong></span> <span class='ocrx_word' id='word_1_237' title='bbox 1138 3255 1282 3291; x_wconf 81' lang='lat' dir='ltr'><strong>unus</strong></span> <span class='ocrx_word' id='word_1_238' title='bbox 1298 3236 1391 3289; x_wconf 83' lang='lat' dir='ltr'><strong>vel</strong></span> <span class='ocrx_word' id='word_1_239' title='bbox 1420 3234 1587 3289; x_wconf 88' lang='lat' dir='ltr'><strong>etiam</strong></span> <span class='ocrx_word' id='word_1_240' title='bbox 1608 3244 1798 3289; x_wconf 85' lang='lat' dir='ltr'><strong>coetus</strong></span> <span class='ocrx_word' id='word_1_241' title='bbox 1821 3234 1931 3287; x_wconf 87' lang='lat' dir='ltr'><strong>rite</strong></span> 
     </span>
     <span class='ocr_line' id='line_1_35' title="bbox 209 3311 1932 3395; baseline -0.016 0"><span class='ocrx_word' id='word_1_242' title='bbox 209 3311 483 3369; x_wconf 55' lang='lat' dir='ltr'><strong>infimum</strong></span> <span class='ocrx_word' id='word_1_243' title='bbox 519 3317 590 3369; x_wconf 73' lang='lat' dir='ltr'><strong>⁰st</strong></span> <span class='ocrx_word' id='word_1_244' title='bbox 619 3335 786 3388; x_wconf 64' lang='lat'><strong>⁰⁶⁰⁸&gt;</strong></span> <span class='ocrx_word' id='word_1_245' title='bbox 821 3322 956 3393; x_wconf 71' lang='lat' dir='ltr'><strong>quid</strong></span> <span class='ocrx_word' id='word_1_246' title='bbox 990 3323 1181 3395; x_wconf 83' lang='lat' dir='ltr'><strong>magni</strong></span> <span class='ocrx_word' id='word_1_247' title='bbox 1210 3322 1339 3379; x_wconf 88' lang='lat' dir='ltr'><strong>inde</strong></span> <span class='ocrx_word' id='word_1_248' title='bbox 1362 3325 1571 3381; x_wconf 86' lang='lat' dir='ltr'><strong>civitati</strong></span> <span class='ocrx_word' id='word_1_249' title='bbox 1605 3318 1932 3389; x_wconf 85' lang='lat' dir='ltr'><strong>contingere</strong></span> 
     </span>
    </p>
   </div>
  </div>
 </body>
</html>
