2132 3652
699 217 1077 275 LEGES
1153 219 1241 273 111.
1752 225 1932 309 ²⁰57

137 366 182 422 ti
213 370 444 442 propter
478 359 748 415 inscitiam
783 359 919 415 falso
955 361 1276 429 statuenteS,
1324 361 1584 416 muficam
1622 363 1852 418 omnino

134 449 288 507 nulla
322 455 475 503 recta
506 446 723 500 ratione
758 444 1029 500 contineri
1045 452 1082 512 ,'
1100 446 1193 499 sed
1229 447 1515 519 voluptate
1540 446 1854 515 iudicantiS,

133 531 472 594 [infime-lior
506 530 628 603 quis
662 535 792 586 ess'et
826 532 933 585 five
956 531 1233 598 deterior,
1268 527 1567 585 rectiffime
1598 531 1850 587 iudicari.

132 615 440 690 taliaigitur
459 614 717 670 facientes
743 617 1005 686 poemata
1025 618 1272 686 talesque
1308 615 1629 671 adiicientes
1649 617 1851 672 oratio—

130 722 230 759 nea
261 700 568 757 effecerunt
606 710 670 754 ut
694 701 951 773 plerique
969 702 1114 772 leges
1138 701 1362 755 muficas
1390 700 1700 771 migrarent
1726 721 1855 757 om·-

128 788 332 860 niaque
343 787 628 846 auderent.
663 795 949 857 tamquam
972 787 1100 838 satis
1116 787 1367 839 valerent
1387 786 1854 842 adiudicandum.

43 928 51 935 ,
130 888 242 947 quo
282 872 507 944 quidem
540 869 754 924 factum
783 872 856 923 est
880 879 944 924 ut
970 870 1218 938 theatra,
1255 866 1431 941 quum
1452 869 1728 925 silentium
1765 882 1855 925 te·-

114 958 394 1023 ‘nuiffent‚
434 955 665 1011 vocibus
703 963 758 1008 et
800 955 1135 1010 clamoribus
1156 956 1547 1027 personarent,
1585 959 1733 1028 quafi
1760 957 1857 1025 inq·

129 1041 438 1115 telligerent
475 1040 535 1094 in
563 1041 726 1093 mufis
758 1040 890 1110 quid
911 1039 1213 1112 pulchrum
1240 1038 1376 1109 quid
1404 1057 1549 1106 non,
1588 1049 1644 1093 et
1662 1040 1722 1094 in
1749 1061 1857 1114 op-

127 1127 389 1181 timatum
429 1125 650 1198 imperii
676 1125 858 1178 locum
883 1124 1088 1178 theatri
1112 1123 1380 1195 quaedam
1397 1143 1572 1197 prava
1597 1125 1855 1181 domina-

128 1213 283 1268 natio
305 1211 638 1265 succederet.
676 1209 882 1263 etenim
907 1211 942 1263 fi
968 1210 1242 1282 populare
1266 1209 1547 1280 quoddam
1565 1210 1628 1264 in
1651 1214 1856 1267 mufica

127 1306 352 1351 tantum
383 1295 685 1369 imperium
726 1294 1036 1349 liberorum
1077 1295 1326 1348 virorum
1361 1293 1667 1364 exstitisset,
1714 1297 1854 1351 nihil

128 1382 350 1455 prorsus
380 1399 547 1452 grave
582 1380 793 1434 factum
822 1382 982 1445 effet3
1019 1398 1169 1432 nunc
1192 1388 1378 1433 autem
1408 1389 1601 1435 exorta
1624 1384 1698 1436 est
1720 1402 1856 1437 mu-

46 1484 49 1486 ·
126 1469 236 1524 fica
257 1466 508 1525 omnium
546 1465 606 1517 in
639 1463 896 1516 omnibus
921 1462 1222 1534 sapientiae
1244 1463 1437 1538 opinio
1463 1475 1520 1519 et
1548 1465 1855 1535 insolentia,

129 1546 272 1624 quae¹
287 1548 622 1620 consequuta
653 1549 724 1600 est
759 1548 1012 1611 libertas;
1051 1547 1266 1604 timoris
1292 1549 1444 1604 enim
1477 1562 1734 1624 expertes
1765 1554 1859 1608 fa-

128 1637 202 1691 cti
229 1637 355 1688 sunt
379 1645 665 1706 tamquam
696 1633 1077 1704 intelligentes,
1117 1645 1173 1689 et
1200 1635 1330 1689 inde
1351 1636 1502 1708 quod
1530 1638 1732 1692 timore
1760 1659 1856 1694 ca-

127 1719 339 1780 rebant,
378 1728 508 1773 nata
544 1721 617 1772 est
640 1718 993 1789 impudentia
1005 1738 1023 1783 3
1060 1720 1310 1776 melioris
1348 1723 1502 1778 enim
1529 1722 1855 1795 opinionem

127 1821 245 1858 non
267 1803 464 1857 timere
486 1811 717 1873 propter
742 1801 1047 1866 audaciam,
1062 1803 1172 1855 hoc
1195 1804 1379 1875 ipsum
1403 1811 1477 1861 est
1498 1808 1621 1862 fere
1644 1810 1855 1884 impro-

118 1883 200 1941 ba
222 1887 572 1959 impudentia
596 1905 664 1940 ex
691 1886 946 1941 libertate
971 1886 1136 1940 nimis
1166 1887 1422 1945 dissoluta
1447 1893 1714 1948 exfistenS.

270 1974 382 2030 Me.
420 1969 708 2027 Vei-imme
730 1971 877 2025 dicis.

270 2055 404 2116 Ath.
420 2056 692 2130 Deinceps
716 2057 1180 2112 hanclibertatem
1207 2061 1451 2135 excipiet
1468 2062 1689 2116 licentia
1711 2081 1857 2136 quae

55 2142 87 2188 -ἲί
128 2140 531 2213 magistratibus
557 2140 766 2194 servire
788 2141 959 2210 nolet,
997 2153 1054 2195 et
1076 2144 1220 2199 hanc
1243 2148 1612 2217 consequetur
1633 2165 1698 2201 ea
1713 2166 1857 2219 quae

63 2244 72 2282 ζ,
126 2226 302 2302 patria
340 2235 397 2279 et
422 2225 613 2279 matris
645 2235 702 2278 et
725 2226 1005 2281 seniorum
1035 2229 1355 2285 servitutem
1382 2231 1858 2286 admonitionem-

55 2344 57 2348 ι
94 2326 242 2384 *que
277 2309 482 2379 fugiet,
520 2319 578 2363 et
600 2309 669 2363 ad
694 2307 864 2363 finem
897 2314 1352 2386 appropinquans
1380 2315 1600 2389 legibus
1625 2317 1853 2372 obedire

130 2395 419 2462 recusabit,
456 2395 640 2466 ipsum
667 2413 802 2447 vero
825 2395 994 2451 finem
1023 2398 1136 2453 iam
1156 2401 1447 2471 assequuta
1468 2402 1596 2455 iura
1619 2400 1857 2456 iuranda

132 2489 189 2534 et
214 2479 381 2534 fidem
406 2489 458 2531 et
481 2478 709 2532 omnino
737 2479 867 2534 deos
894 2491 1227 2552 contemnet,
1262 2485 1501 2557 priscam
1527 2487 1683 2541 illam
1711 2506 1854 2559 quae

132 2563 333 2618 dicitur
364 2564 626 2618 Titanum
664 2574 922 2619 naturam
961 2570 1246 2624 ostendens
1286 2580 1342 2624 et
1391 2570 1645 2626 imitans:
1687 2583 1755 2627 ut
1784 2576 1857 2628 ad

136 2646 328 2701 eadem
366 2647 460 2702 ina
493 2648 752 2703 homines
789 2662 1135 2708 revertentes
1168 2671 1403 2725 gravem
1446 2656 1619 2711 vitam
1654 2658 1859 2730 degant

138 2749 242 2785 nec
264 2748 529 2801 umquam
557 2733 718 2788 malis
740 2734 1065 2793 liberentur.
1104 2757 1348 2812 quanam
1371 2759 1507 2795 vero
1528 2743 1704 2813 gratia
1718 2744 1858 2798 haec

139 2813 300 2867 nobis
323 2818 509 2868 rursus
532 2817 674 2872 dicta
693 2820 860 2874 sunt?
884 2821 1118 2878 xvidetur
1140 2825 1280 2879 mihi
1305 2825 1552 2900 quidem,
1579 2830 1859 2900 quemad-

139 2898 371 2952 modum
395 2915 581 2969 equus,
617 2903 790 2956 oratio
815 2907 1034 2982 semper
1057 2911 1415 2984 reprimenda
1438 2916 1559 2977 effe,
1583 2932 1674 2981 ne,
1704 2914 1855 2984 quafi

142 3000 204 3036 os
239 2980 568 3038 effrenatum
603 2984 893 3051 habentes,
944 2994 1002 3047 vi
1038 2995 1108 3048 ab
1147 2996 1400 3050 oratione
1425 2997 1670 3067 abrepti,
1707 3006 1769 3048 ut
1796 2996 1857 3048 in

138 3066 440 3139 proverbio
475 3069 574 3133 est,
609 3070 755 3122 afino
792 3071 1137 3133 decidamusz
1177 3079 1442 3151 quocirca
1469 3079 1854 3151 quaerendum

143 3166 310 3221 quam
336 3150 409 3203 ob
433 3153 652 3206 causam
679 3153 843 3209 modo
866 3157 1008 3214 dicta
1029 3164 1246 3233 prolata
1269 3166 1382 3218 fint.

281 3237 388 3293 Me.
428 3235 687 3291 Maxime.
912 3302 916 3309 ,

280 3320 414 3377 Ath.
453 3322 616 3376 Dicta
649 3321 819 3393 igitur
836 3326 961 3383 sunt
979 3330 1125 3388 hanc
1147 3335 1218 3390 ob
1237 3335 1471 3390 causam.
