<?xml version="1.0" encoding="UTF-8"?>
<!DOCTYPE html PUBLIC "-//W3C//DTD XHTML 1.0 Transitional//EN"
    "http://www.w3.org/TR/xhtml1/DTD/xhtml1-transitional.dtd">
<html xmlns="http://www.w3.org/1999/xhtml" xml:lang="en" lang="en">
 <head>
  <title>
</title>
<meta http-equiv="Content-Type" content="text/html;charset=utf-8" />
  <meta name='ocr-system' content='tesseract 3.04.00' />
  <meta name='ocr-capabilities' content='ocr_page ocr_carea ocr_par ocr_line ocrx_word'/>
</head>
<body>
  <div class='ocr_page' id='page_1' title='image "./quaeexstantopera06plat_0012.png"; bbox 0 0 2158 3652; ppageno 0'>
   <div class='ocr_carea' id='block_1_1' title="bbox 171 223 210 280">
    <p class='ocr_par' dir='ltr' id='par_1_1' title="bbox 171 223 210 280">
     <span class='ocr_line' id='line_1_1' title="bbox 171 223 210 280; baseline 0 -2"><span class='ocrx_word' id='word_1_1' title='bbox 171 223 210 280; x_wconf 72' lang='lat'><strong>4</strong></span> 
     </span>
    </p>
   </div>
   <div class='ocr_carea' id='block_1_2' title="bbox 134 351 1893 852">
    <p class='ocr_par' dir='ltr' id='par_1_2' title="bbox 169 351 1886 438">
     <span class='ocr_line' id='line_1_2' title="bbox 169 351 1886 438; baseline -0.006 -21"><span class='ocrx_word' id='word_1_2' title='bbox 169 364 479 438; x_wconf 75' lang='lat' dir='ltr'>sequente3‚</span> <span class='ocrx_word' id='word_1_3' title='bbox 504 359 712 414; x_wconf 84' lang='lat' dir='ltr'>virtute</span> <span class='ocrx_word' id='word_1_4' title='bbox 740 367 793 412; x_wconf 86' lang='lat' dir='ltr'>et</span> <span class='ocrx_word' id='word_1_5' title='bbox 817 357 1079 430; x_wconf 82' lang='lat' dir='ltr'>sapientia</span> <span class='ocrx_word' id='word_1_6' title='bbox 1107 354 1294 410; x_wconf 87' lang='lat' dir='ltr'>omnia</span> <span class='ocrx_word' id='word_1_7' title='bbox 1321 354 1466 424; x_wconf 84' lang='lat' dir='ltr'>quafi</span> <span class='ocrx_word' id='word_1_8' title='bbox 1495 351 1749 429; x_wconf 81' lang='lat' dir='ltr'><strong>vinciant.</strong></span> <span class='ocrx_word' id='word_1_9' title='bbox 1789 353 1886 407; x_wconf 83' lang='lat' dir='ltr'>Et-</span> 
     </span>
    </p>

    <p class='ocr_par' dir='ltr' id='par_1_3' title="bbox 134 437 1893 852">
     <span class='ocr_line' id='line_1_3' title="bbox 169 437 1887 519; baseline -0.006 -17"><span class='ocrx_word' id='word_1_10' title='bbox 169 442 208 503; x_wconf 82' lang='lat' dir='ltr'>fi</span> <span class='ocrx_word' id='word_1_11' title='bbox 237 446 410 519; x_wconf 88' lang='lat' dir='ltr'>igitur</span> <span class='ocrx_word' id='word_1_12' title='bbox 438 445 631 517; x_wconf 89' lang='lat' dir='ltr'>negari</span> <span class='ocrx_word' id='word_1_13' title='bbox 653 444 876 515; x_wconf 85' lang='lat' dir='ltr'>nequit,</span> <span class='ocrx_word' id='word_1_14' title='bbox 914 442 1078 515; x_wconf 87' lang='lat' dir='ltr'>plura</span> <span class='ocrx_word' id='word_1_15' title='bbox 1117 445 1220 496; x_wconf 79' lang='lat' dir='ltr'>effe</span> <span class='ocrx_word' id='word_1_16' title='bbox 1249 438 1506 494; x_wconf 84' lang='lat' dir='ltr'>Cretibus</span> <span class='ocrx_word' id='word_1_17' title='bbox 1531 448 1586 491; x_wconf 87' lang='lat' dir='ltr'>et</span> <span class='ocrx_word' id='word_1_18' title='bbox 1603 437 1887 492; x_wconf 84' lang='lat' dir='ltr'>Lacedae-</span> 
     </span>
     <span class='ocr_line' id='line_1_4' title="bbox 169 523 1886 599; baseline -0.007 -11"><span class='ocrx_word' id='word_1_19' title='bbox 169 531 375 589; x_wconf 86' lang='lat' dir='ltr'>moniis</span> <span class='ocrx_word' id='word_1_20' title='bbox 401 531 645 584; x_wconf 86' lang='lat' dir='ltr'>instituta</span> <span class='ocrx_word' id='word_1_21' title='bbox 667 529 735 582; x_wconf 87' lang='lat' dir='ltr'>ad</span> <span class='ocrx_word' id='word_1_22' title='bbox 759 527 1146 581; x_wconf 85' lang='lat' dir='ltr'>fortitudinem</span> <span class='ocrx_word' id='word_1_23' title='bbox 1170 524 1492 599; x_wconf 83' lang='lat' dir='ltr'>spectantia,</span> <span class='ocrx_word' id='word_1_24' title='bbox 1520 533 1586 577; x_wconf 89' lang='lat' dir='ltr'>ut</span> <span class='ocrx_word' id='word_1_25' title='bbox 1609 523 1886 592; x_wconf 74' lang='lat' dir='ltr'>convivia,</span> 
     </span>
     <span class='ocr_line' id='line_1_5' title="bbox 170 608 1892 690; baseline -0.007 -17"><span class='ocrx_word' id='word_1_26' title='bbox 170 627 237 673; x_wconf 86' lang='lat' dir='ltr'>ut</span> <span class='ocrx_word' id='word_1_27' title='bbox 275 617 580 690; x_wconf 77' lang='lat' dir='ltr'>gymnasia,</span> <span class='ocrx_word' id='word_1_28' title='bbox 618 622 681 666; x_wconf 92' lang='lat' dir='ltr'>ut</span> <span class='ocrx_word' id='word_1_29' title='bbox 710 610 1097 679; x_wconf 86' lang='lat' dir='ltr'>venationem,</span> <span class='ocrx_word' id='word_1_30' title='bbox 1135 611 1268 678; x_wconf 83' lang='lat' dir='ltr'>alia,</span> <span class='ocrx_word' id='word_1_31' title='bbox 1309 621 1501 664; x_wconf 87' lang='lat' dir='ltr'>tamen</span> <span class='ocrx_word' id='word_1_32' title='bbox 1532 608 1665 662; x_wconf 88' lang='lat' dir='ltr'>inde</span> <span class='ocrx_word' id='word_1_33' title='bbox 1704 608 1892 680; x_wconf 82' lang='lat' dir='ltr'>colligi</span> 
     </span>
     <span class='ocr_line' id='line_1_6' title="bbox 170 696 1892 767; baseline -0.006 -9"><span class='ocrx_word' id='word_1_34' title='bbox 170 723 286 758; x_wconf 89' lang='lat' dir='ltr'>non</span> <span class='ocrx_word' id='word_1_35' title='bbox 310 701 490 765; x_wconf 84' lang='lat' dir='ltr'>debet,</span> <span class='ocrx_word' id='word_1_36' title='bbox 529 699 744 752; x_wconf 89' lang='lat' dir='ltr'>divinos</span> <span class='ocrx_word' id='word_1_37' title='bbox 772 696 896 748; x_wconf 87' lang='lat' dir='ltr'>illos</span> <span class='ocrx_word' id='word_1_38' title='bbox 922 697 1110 766; x_wconf 86' lang='lat' dir='ltr'>legum</span> <span class='ocrx_word' id='word_1_39' title='bbox 1133 707 1387 750; x_wconf 81' lang='lat' dir='ltr'><strong>auctores</strong></span> <span class='ocrx_word' id='word_1_40' title='bbox 1414 715 1675 750; x_wconf 88' lang='lat' dir='ltr'>mancam</span> <span class='ocrx_word' id='word_1_41' title='bbox 1701 713 1892 767; x_wconf 86' lang='lat' dir='ltr'>quan-</span> 
     </span>
     <span class='ocr_line' id='line_1_7' title="bbox 134 779 1893 852; baseline -0.007 -8"><span class='ocrx_word' id='word_1_42' title='bbox 134 814 139 818; x_wconf 76' lang='grc'><em>’</em></span> <span class='ocrx_word' id='word_1_43' title='bbox 171 783 302 845; x_wconf 80' lang='lat' dir='ltr'>dam</span> <span class='ocrx_word' id='word_1_44' title='bbox 330 785 564 840; x_wconf 74' lang='lat' dir='ltr'>statuisse</span> <span class='ocrx_word' id='word_1_45' title='bbox 587 780 977 834; x_wconf 85' lang='lat' dir='ltr'>fortitudinem</span> <span class='ocrx_word' id='word_1_46' title='bbox 1009 780 1282 852; x_wconf 84' lang='lat' dir='ltr'>(perfecta</span> <span class='ocrx_word' id='word_1_47' title='bbox 1308 781 1459 835; x_wconf 92' lang='lat' dir='ltr'>enim</span> <span class='ocrx_word' id='word_1_48' title='bbox 1481 779 1754 835; x_wconf 84' lang='lat' dir='ltr'>fortitudo</span> <span class='ocrx_word' id='word_1_49' title='bbox 1772 797 1893 833; x_wconf 86' lang='lat' dir='ltr'>non.</span> 
     </span>
    </p>
   </div>
   <div class='ocr_carea' id='block_1_3' title="bbox 170 863 1986 938">
    <p class='ocr_par' dir='ltr' id='par_1_4' title="bbox 170 863 1986 938">
     <span class='ocr_line' id='line_1_8' title="bbox 170 863 1986 938; baseline -0.006 -10"><span class='ocrx_word' id='word_1_50' title='bbox 170 875 350 928; x_wconf 82' lang='lat' dir='ltr'>solum</span> <span class='ocrx_word' id='word_1_51' title='bbox 372 871 432 923; x_wconf 90' lang='lat' dir='ltr'>in</span> <span class='ocrx_word' id='word_1_52' title='bbox 457 868 661 920; x_wconf 86' lang='lat' dir='ltr'>timore</span> <span class='ocrx_word' id='word_1_53' title='bbox 697 865 999 935; x_wconf 82' lang='lat' dir='ltr'>doloreque</span> <span class='ocrx_word' id='word_1_54' title='bbox 1035 866 1456 938; x_wconf 73' lang='lat' dir='ltr'>expugnandi3‚</span> <span class='ocrx_word' id='word_1_55' title='bbox 1491 885 1696 921; x_wconf 83' lang='lat' dir='ltr'>verum</span> <span class='ocrx_word' id='word_1_56' title='bbox 1723 863 1899 920; x_wconf 85' lang='lat' dir='ltr'>etiam</span> <span class='ocrx_word' id='word_1_57' title='bbox 1984 916 1986 918; x_wconf 84' lang='lat'>.</span> 
     </span>
    </p>
   </div>
   <div class='ocr_carea' id='block_1_4' title="bbox 141 952 1940 3401">
    <p class='ocr_par' dir='ltr' id='par_1_5' title="bbox 141 952 1940 3401">
     <span class='ocr_line' id='line_1_9' title="bbox 167 952 1894 1027; baseline -0.003 -15"><span class='ocrx_word' id='word_1_58' title='bbox 167 959 228 1012; x_wconf 88' lang='lat' dir='ltr'>in</span> <span class='ocrx_word' id='word_1_59' title='bbox 254 953 551 1027; x_wconf 88' lang='lat' dir='ltr'>cupiditate</span> <span class='ocrx_word' id='word_1_60' title='bbox 573 952 971 1023; x_wconf 86' lang='lat' dir='ltr'>voluptateque</span> <span class='ocrx_word' id='word_1_61' title='bbox 992 952 1345 1005; x_wconf 83' lang='lat' dir='ltr'>moderandis</span> <span class='ocrx_word' id='word_1_62' title='bbox 1363 952 1617 1018; x_wconf 73' lang='lat' dir='ltr'>consistit)</span> <span class='ocrx_word' id='word_1_63' title='bbox 1637 972 1655 1020; x_wconf 85' lang='lat'><em>3</em></span> <span class='ocrx_word' id='word_1_64' title='bbox 1676 970 1894 1024; x_wconf 50' lang='lat' dir='ltr'>&#39;quam-</span> 
     </span>
     <span class='ocr_line' id='line_1_10' title="bbox 171 1033 1894 1115; baseline -0.003 -20"><span class='ocrx_word' id='word_1_65' title='bbox 171 1060 336 1115; x_wconf 88' lang='lat' dir='ltr'>quam</span> <span class='ocrx_word' id='word_1_66' title='bbox 362 1040 489 1103; x_wconf 86' lang='lat' dir='ltr'>hoc,</span> <span class='ocrx_word' id='word_1_67' title='bbox 530 1036 677 1108; x_wconf 90' lang='lat' dir='ltr'>quod</span> <span class='ocrx_word' id='word_1_68' title='bbox 699 1035 907 1088; x_wconf 88' lang='lat' dir='ltr'>nullam</span> <span class='ocrx_word' id='word_1_69' title='bbox 932 1034 1050 1089; x_wconf 82' lang='lat' dir='ltr'>fere</span> <span class='ocrx_word' id='word_1_70' title='bbox 1067 1033 1413 1090; x_wconf 83' lang='lat' dir='ltr'>fortitudinis</span> <span class='ocrx_word' id='word_1_71' title='bbox 1437 1037 1584 1095; x_wconf 86' lang='lat' dir='ltr'>illius</span> <span class='ocrx_word' id='word_1_72' title='bbox 1608 1038 1894 1111; x_wconf 80' lang='lat' dir='ltr'>perfectae</span> 
     </span>
     <span class='ocr_line' id='line_1_11' title="bbox 169 1119 1896 1193; baseline -0.005 -10"><span class='ocrx_word' id='word_1_73' title='bbox 169 1127 445 1185; x_wconf 84' lang='lat' dir='ltr'>rationem</span> <span class='ocrx_word' id='word_1_74' title='bbox 467 1121 785 1181; x_wconf 83' lang='lat' dir='ltr'><strong>habuerint,</strong></span> <span class='ocrx_word' id='word_1_75' title='bbox 809 1119 942 1173; x_wconf 89' lang='lat' dir='ltr'>vitio</span> <span class='ocrx_word' id='word_1_76' title='bbox 969 1121 1094 1193; x_wconf 86' lang='lat' dir='ltr'>ipfis</span> <span class='ocrx_word' id='word_1_77' title='bbox 1117 1120 1263 1174; x_wconf 83' lang='lat' dir='ltr'>verti</span> <span class='ocrx_word' id='word_1_78' title='bbox 1287 1121 1481 1193; x_wconf 82' lang='lat' dir='ltr'>poffit3</span> <span class='ocrx_word' id='word_1_79' title='bbox 1517 1123 1624 1177; x_wconf 91' lang='lat' dir='ltr'>hac</span> <span class='ocrx_word' id='word_1_80' title='bbox 1653 1141 1792 1187; x_wconf 84' lang='lat' dir='ltr'>vero</span> <span class='ocrx_word' id='word_1_81' title='bbox 1824 1121 1896 1175; x_wconf 83' lang='lat' dir='ltr'>de</span> 
     </span>
     <span class='ocr_line' id='line_1_12' title="bbox 141 1204 1899 1281; baseline -0.002 -18"><span class='ocrx_word' id='word_1_82' title='bbox 141 1218 264 1280; x_wconf 79' lang='lat' dir='ltr'>&#39;re,</span> <span class='ocrx_word' id='word_1_83' title='bbox 313 1228 489 1281; x_wconf 89' lang='lat' dir='ltr'>quum</span> <span class='ocrx_word' id='word_1_84' title='bbox 526 1207 755 1259; x_wconf 87' lang='lat' dir='ltr'>iuvenes</span> <span class='ocrx_word' id='word_1_85' title='bbox 796 1204 999 1258; x_wconf 79' lang='lat' dir='ltr'>Cretici</span> <span class='ocrx_word' id='word_1_86' title='bbox 1041 1216 1096 1260; x_wconf 85' lang='lat' dir='ltr'>et</span> <span class='ocrx_word' id='word_1_87' title='bbox 1130 1206 1562 1268; x_wconf 85' lang='lat' dir='ltr'>Lacedaemonii</span> <span class='ocrx_word' id='word_1_88' title='bbox 1597 1208 1668 1260; x_wconf 85' lang='lat' dir='ltr'>de</span> <span class='ocrx_word' id='word_1_89' title='bbox 1710 1208 1899 1278; x_wconf 88' lang='lat' dir='ltr'>legum</span> 
     </span>
     <span class='ocr_line' id='line_1_13' title="bbox 169 1289 1899 1360; baseline -0.005 -7"><span class='ocrx_word' id='word_1_90' title='bbox 169 1302 396 1353; x_wconf 86' lang='lat' dir='ltr'>suarum</span> <span class='ocrx_word' id='word_1_91' title='bbox 428 1291 677 1346; x_wconf 86' lang='lat' dir='ltr'>bonitate</span> <span class='ocrx_word' id='word_1_92' title='bbox 708 1308 981 1360; x_wconf 81' lang='lat' dir='ltr'>quaerere</span> <span class='ocrx_word' id='word_1_93' title='bbox 1005 1289 1303 1360; x_wconf 85' lang='lat' dir='ltr'>vetentur,</span> <span class='ocrx_word' id='word_1_94' title='bbox 1342 1293 1544 1347; x_wconf 85' lang='lat' dir='ltr'>exteris</span> <span class='ocrx_word' id='word_1_95' title='bbox 1563 1301 1786 1346; x_wconf 85' lang='lat' dir='ltr'>tantum</span> <span class='ocrx_word' id='word_1_96' title='bbox 1821 1291 1899 1345; x_wconf 87' lang='lat' dir='ltr'>li·-</span> 
     </span>
     <span class='ocr_line' id='line_1_14' title="bbox 172 1374 1900 1453; baseline -0.005 -16"><span class='ocrx_word' id='word_1_97' title='bbox 172 1393 260 1438; x_wconf 91' lang='lat' dir='ltr'>cet</span> <span class='ocrx_word' id='word_1_98' title='bbox 295 1380 588 1453; x_wconf 65' lang='lat' dir='ltr'>disputare.</span> <span class='ocrx_word' id='word_1_99' title='bbox 665 1374 888 1446; x_wconf 86' lang='lat' dir='ltr'><strong>Quibus</strong></span> <span class='ocrx_word' id='word_1_100' title='bbox 928 1375 1275 1431; x_wconf 76' lang='lat' dir='ltr'>Atheniensis</span> <span class='ocrx_word' id='word_1_101' title='bbox 1310 1379 1461 1432; x_wconf 83' lang='lat' dir='ltr'>viam</span> <span class='ocrx_word' id='word_1_102' title='bbox 1486 1374 1792 1436; x_wconf 81' lang='lat' dir='ltr'>fibimunit</span> <span class='ocrx_word' id='word_1_103' title='bbox 1825 1376 1900 1430; x_wconf 81' lang='lat' dir='ltr'>ad</span> 
     </span>
     <span class='ocr_line' id='line_1_15' title="bbox 170 1460 1940 1534; baseline -0.003 -14"><span class='ocrx_word' id='word_1_104' title='bbox 170 1465 441 1522; x_wconf 84' lang='lat' dir='ltr'>iudicium</span> <span class='ocrx_word' id='word_1_105' title='bbox 468 1463 628 1516; x_wconf 84' lang='lat' dir='ltr'>suum</span> <span class='ocrx_word' id='word_1_106' title='bbox 659 1460 727 1513; x_wconf 88' lang='lat' dir='ltr'>de</span> <span class='ocrx_word' id='word_1_107' title='bbox 750 1460 964 1532; x_wconf 86' lang='lat' dir='ltr'>legibus</span> <span class='ocrx_word' id='word_1_108' title='bbox 986 1462 1220 1517; x_wconf 86' lang='lat' dir='ltr'>Creticis</span> <span class='ocrx_word' id='word_1_109' title='bbox 1246 1471 1303 1514; x_wconf 89' lang='lat' dir='ltr'>et</span> <span class='ocrx_word' id='word_1_110' title='bbox 1334 1461 1624 1534; x_wconf 81' lang='lat' dir='ltr'>Spartanis</span> <span class='ocrx_word' id='word_1_111' title='bbox 1645 1463 1902 1534; x_wconf 87' lang='lat' dir='ltr'>interpo-</span> <span class='ocrx_word' id='word_1_112' title='bbox 1935 1462 1940 1467; x_wconf 78' lang='grc'><strong>’</strong></span> 
     </span>
     <span class='ocr_line' id='line_1_16' title="bbox 171 1544 1902 1619; baseline -0.004 -12"><span class='ocrx_word' id='word_1_113' title='bbox 171 1550 422 1608; x_wconf 87' lang='lat' dir='ltr'>nendum</span> <span class='ocrx_word' id='word_1_114' title='bbox 470 1552 637 1614; x_wconf 84' lang='lat'>(636).</span> <span class='ocrx_word' id='word_1_115' title='bbox 711 1546 791 1600; x_wconf 90' lang='lat' dir='ltr'>Ac</span> <span class='ocrx_word' id='word_1_116' title='bbox 826 1544 1081 1617; x_wconf 85' lang='lat' dir='ltr'>primum</span> <span class='ocrx_word' id='word_1_117' title='bbox 1119 1547 1350 1618; x_wconf 89' lang='lat' dir='ltr'>quidem</span> <span class='ocrx_word' id='word_1_118' title='bbox 1386 1549 1494 1603; x_wconf 88' lang='lat' dir='ltr'>hoc</span> <span class='ocrx_word' id='word_1_119' title='bbox 1520 1558 1706 1613; x_wconf 88' lang='lat' dir='ltr'>not-at,</span> <span class='ocrx_word' id='word_1_120' title='bbox 1745 1546 1902 1619; x_wconf 84' lang='lat' dir='ltr'>quod</span> 
     </span>
     <span class='ocr_line' id='line_1_17' title="bbox 177 1628 1902 1699; baseline -0.004 -7"><span class='ocrx_word' id='word_1_121' title='bbox 177 1628 427 1692; x_wconf 72' lang='lat' dir='ltr'>ed&#39;ucatio</span> <span class='ocrx_word' id='word_1_122' title='bbox 452 1632 521 1686; x_wconf 89' lang='lat' dir='ltr'>ad</span> <span class='ocrx_word' id='word_1_123' title='bbox 558 1631 760 1686; x_wconf 80' lang='lat' dir='ltr'>doloris</span> <span class='ocrx_word' id='word_1_124' title='bbox 786 1640 1002 1685; x_wconf 86' lang='lat' dir='ltr'>tantum</span> <span class='ocrx_word' id='word_1_125' title='bbox 1027 1651 1090 1686; x_wconf 83' lang='lat' dir='ltr'>ac</span> <span class='ocrx_word' id='word_1_126' title='bbox 1112 1633 1340 1699; x_wconf 81' lang='lat' dir='ltr'>timoris,</span> <span class='ocrx_word' id='word_1_127' title='bbox 1357 1670 1359 1675; x_wconf 91' lang='lat'><em>-</em></span> <span class='ocrx_word' id='word_1_128' title='bbox 1379 1653 1496 1687; x_wconf 89' lang='lat' dir='ltr'>non</span> <span class='ocrx_word' id='word_1_129' title='bbox 1519 1634 1682 1688; x_wconf 77' lang='lat' dir='ltr'>simul</span> <span class='ocrx_word' id='word_1_130' title='bbox 1708 1633 1778 1686; x_wconf 90' lang='lat' dir='ltr'>ad</span> <span class='ocrx_word' id='word_1_131' title='bbox 1805 1651 1902 1685; x_wconf 91' lang='lat' dir='ltr'>cu-</span> 
     </span>
     <span class='ocr_line' id='line_1_18' title="bbox 172 1717 1902 1797; baseline -0.003 -20"><span class='ocrx_word' id='word_1_132' title='bbox 172 1721 422 1797; x_wconf 82' lang='lat' dir='ltr'>piditatis</span> <span class='ocrx_word' id='word_1_133' title='bbox 444 1717 857 1791; x_wconf 84' lang='lat' dir='ltr'>voluptatisque</span> <span class='ocrx_word' id='word_1_134' title='bbox 869 1717 1322 1785; x_wconf 67' lang='lat' dir='ltr'>[moderationem</span> <span class='ocrx_word' id='word_1_135' title='bbox 1353 1719 1592 1793; x_wconf 68' lang='lat' dir='ltr'>spectetg.</span> <span class='ocrx_word' id='word_1_136' title='bbox 1629 1719 1728 1773; x_wconf 74' lang='lat' dir='ltr'>has</span> <span class='ocrx_word' id='word_1_137' title='bbox 1750 1717 1902 1772; x_wconf 85' lang='lat' dir='ltr'>enim</span> 
     </span>
     <span class='ocr_line' id='line_1_19' title="bbox 177 1802 1904 1876; baseline -0.003 -14"><span class='ocrx_word' id='word_1_138' title='bbox 177 1806 433 1862; x_wconf 68' lang='lat' dir='ltr'>coercere</span> <span class='ocrx_word' id='word_1_139' title='bbox 465 1822 642 1875; x_wconf 90' lang='lat' dir='ltr'>quum</span> <span class='ocrx_word' id='word_1_140' title='bbox 667 1802 831 1873; x_wconf 84' lang='lat' dir='ltr'>pueri</span> <span class='ocrx_word' id='word_1_141' title='bbox 851 1820 968 1856; x_wconf 89' lang='lat' dir='ltr'>non</span> <span class='ocrx_word' id='word_1_142' title='bbox 991 1803 1330 1873; x_wconf 82' lang='lat' dir='ltr'>adsuescant,</span> <span class='ocrx_word' id='word_1_143' title='bbox 1367 1807 1404 1858; x_wconf 87' lang='lat' dir='ltr'><strong>fi</strong></span> <span class='ocrx_word' id='word_1_144' title='bbox 1430 1804 1654 1876; x_wconf 83' lang='lat' dir='ltr'>quando</span> <span class='ocrx_word' id='word_1_145' title='bbox 1679 1819 1780 1861; x_wconf 61' lang='lat' dir='ltr'>eas*</span> <span class='ocrx_word' id='word_1_146' title='bbox 1795 1817 1904 1876; x_wconf 54' lang='lat' dir='ltr'>gu*-</span> 
     </span>
     <span class='ocr_line' id='line_1_20' title="bbox 173 1887 1902 1964; baseline -0.003 -17"><span class='ocrx_word' id='word_1_147' title='bbox 173 1892 457 1959; x_wconf 83' lang='lat' dir='ltr'>staverint‚</span> <span class='ocrx_word' id='word_1_148' title='bbox 479 1887 760 1959; x_wconf 88' lang='lat' dir='ltr'>quomodo</span> <span class='ocrx_word' id='word_1_149' title='bbox 784 1887 1058 1942; x_wconf 72' lang='lat' dir='ltr'>i·efistant?</span> <span class='ocrx_word' id='word_1_150' title='bbox 1108 1891 1226 1942; x_wconf 88' lang='lat' dir='ltr'>Iam</span> <span class='ocrx_word' id='word_1_151' title='bbox 1256 1892 1294 1942; x_wconf 78' lang='lat' dir='ltr'>si</span> <span class='ocrx_word' id='word_1_152' title='bbox 1328 1890 1763 1962; x_wconf 78' lang='lat' dir='ltr'>temperantiam</span> <span class='ocrx_word' id='word_1_153' title='bbox 1786 1891 1902 1964; x_wconf 90' lang='lat' dir='ltr'>spe-</span> 
     </span>
     <span class='ocr_line' id='line_1_21' title="bbox 178 1972 1907 2042; baseline -0.001 -12"><span class='ocrx_word' id='word_1_154' title='bbox 178 1986 317 2038; x_wconf 56' lang='lat' dir='ltr'>ctas),</span> <span class='ocrx_word' id='word_1_155' title='bbox 354 1983 573 2029; x_wconf 86' lang='lat' dir='ltr'>tantum</span> <span class='ocrx_word' id='word_1_156' title='bbox 603 1972 745 2024; x_wconf 86' lang='lat' dir='ltr'>abest</span> <span class='ocrx_word' id='word_1_157' title='bbox 771 1982 837 2024; x_wconf 90' lang='lat' dir='ltr'>ut</span> <span class='ocrx_word' id='word_1_158' title='bbox 860 1972 1007 2042; x_wconf 86' lang='lat' dir='ltr'>leges</span> <span class='ocrx_word' id='word_1_159' title='bbox 1030 1973 1099 2027; x_wconf 88' lang='lat' dir='ltr'>ad</span> <span class='ocrx_word' id='word_1_160' title='bbox 1125 1994 1249 2027; x_wconf 90' lang='lat' dir='ltr'>eam</span> <span class='ocrx_word' id='word_1_161' title='bbox 1275 1974 1652 2029; x_wconf 84' lang='lat' dir='ltr'>adiuvandam</span> <span class='ocrx_word' id='word_1_162' title='bbox 1671 1994 1907 2029; x_wconf 74' lang='lat' dir='ltr'>,accom-</span> 
     </span>
     <span class='ocr_line' id='line_1_22' title="bbox 178 2056 1907 2131; baseline -0.002 -15"><span class='ocrx_word' id='word_1_163' title='bbox 178 2063 439 2117; x_wconf 86' lang='lat' dir='ltr'>modatae</span> <span class='ocrx_word' id='word_1_164' title='bbox 463 2059 521 2111; x_wconf 95' lang='lat' dir='ltr'>in</span> <span class='ocrx_word' id='word_1_165' title='bbox 547 2056 863 2110; x_wconf 85' lang='lat' dir='ltr'>civitatibus</span> <span class='ocrx_word' id='word_1_166' title='bbox 887 2057 1392 2130; x_wconf 82' lang='lat' dir='ltr'>istisreperiantur,</span> <span class='ocrx_word' id='word_1_167' title='bbox 1409 2069 1471 2112; x_wconf 89' lang='lat' dir='ltr'>ut</span> <span class='ocrx_word' id='word_1_168' title='bbox 1496 2060 1907 2131; x_wconf 79' lang='lat' dir='ltr'>praecipuailla</span> 
     </span>
     <span class='ocr_line' id='line_1_23' title="bbox 177 2141 1904 2218; baseline 0.001 -22"><span class='ocrx_word' id='word_1_169' title='bbox 177 2143 438 2199; x_wconf 74' lang='lat' dir='ltr'>instituta,</span> <span class='ocrx_word' id='word_1_170' title='bbox 472 2144 682 2208; x_wconf 20' lang='lat' dir='ltr'>&#39;quibus</span> <span class='ocrx_word' id='word_1_171' title='bbox 710 2143 992 2218; x_wconf 76' lang='lat' dir='ltr'>proposita</span> <span class='ocrx_word' id='word_1_172' title='bbox 1014 2141 1283 2195; x_wconf 86' lang='lat' dir='ltr'>fortitudo</span> <span class='ocrx_word' id='word_1_173' title='bbox 1307 2145 1396 2207; x_wconf 89' lang='lat' dir='ltr'>est,</span> <span class='ocrx_word' id='word_1_174' title='bbox 1433 2143 1773 2196; x_wconf 79' lang='lat' dir='ltr'>conviviaet</span> <span class='ocrx_word' id='word_1_175' title='bbox 1805 2158 1904 2215; x_wconf 79' lang='lat' dir='ltr'>gy-</span> 
     </span>
     <span class='ocr_line' id='line_1_24' title="bbox 181 2223 1907 2294; baseline 0.002 -15"><span class='ocrx_word' id='word_1_176' title='bbox 181 2225 418 2286; x_wconf 82' lang='lat' dir='ltr'>mnasia,</span> <span class='ocrx_word' id='word_1_177' title='bbox 468 2231 522 2275; x_wconf 85' lang='lat' dir='ltr'>et</span> <span class='ocrx_word' id='word_1_178' title='bbox 556 2223 833 2276; x_wconf 85' lang='lat' dir='ltr'>seditionis</span> <span class='ocrx_word' id='word_1_179' title='bbox 868 2223 1182 2294; x_wconf 85' lang='lat' dir='ltr'>periculum</span> <span class='ocrx_word' id='word_1_180' title='bbox 1215 2224 1470 2276; x_wconf 87' lang='lat' dir='ltr'>iniiciant</span> <span class='ocrx_word' id='word_1_181' title='bbox 1505 2235 1560 2277; x_wconf 83' lang='lat' dir='ltr'>et</span> <span class='ocrx_word' id='word_1_182' title='bbox 1594 2233 1846 2282; x_wconf 84' lang='lat' dir='ltr'>amorem</span> <span class='ocrx_word' id='word_1_183' title='bbox 1872 2248 1907 2282; x_wconf 83' lang='lat' dir='ltr'>a</span> 
     </span>
     <span class='ocr_line' id='line_1_25' title="bbox 181 2298 1908 2386; baseline 0.002 -21"><span class='ocrx_word' id='word_1_184' title='bbox 181 2321 383 2366; x_wconf 86' lang='lat' dir='ltr'>natura</span> <span class='ocrx_word' id='word_1_185' title='bbox 406 2309 661 2363; x_wconf 86' lang='lat' dir='ltr'>aversum</span> <span class='ocrx_word' id='word_1_186' title='bbox 688 2306 934 2360; x_wconf 80' lang='lat' dir='ltr'>excitent</span> <span class='ocrx_word' id='word_1_187' title='bbox 960 2310 1132 2374; x_wconf 83' lang='lat'>(638).</span> <span class='ocrx_word' id='word_1_188' title='bbox 1171 2338 1236 2348; x_wconf 86' lang='lat'>--</span> <span class='ocrx_word' id='word_1_189' title='bbox 1310 2310 1461 2362; x_wconf 88' lang='lat' dir='ltr'>Tum</span> <span class='ocrx_word' id='word_1_190' title='bbox 1484 2298 1756 2382; x_wconf 76' lang='lat' dir='ltr'>Megillus,</span> <span class='ocrx_word' id='word_1_191' title='bbox 1790 2316 1908 2386; x_wconf 92' lang='lat' dir='ltr'>Ly-</span> 
     </span>
     <span class='ocr_line' id='line_1_26' title="bbox 184 2392 1908 2470; baseline 0.001 -19"><span class='ocrx_word' id='word_1_192' title='bbox 184 2395 340 2466; x_wconf 85' lang='lat' dir='ltr'>curgi</span> <span class='ocrx_word' id='word_1_193' title='bbox 364 2394 442 2448; x_wconf 81' lang='lat' dir='ltr'>sui</span> <span class='ocrx_word' id='word_1_194' title='bbox 453 2392 826 2466; x_wconf 85' lang='lat' dir='ltr'>patrocinium</span> <span class='ocrx_word' id='word_1_195' title='bbox 851 2392 1163 2463; x_wconf 77' lang='lat' dir='ltr'>suscipienS,</span> <span class='ocrx_word' id='word_1_196' title='bbox 1197 2396 1482 2466; x_wconf 86' lang='lat' dir='ltr'>postquam</span> <span class='ocrx_word' id='word_1_197' title='bbox 1508 2396 1699 2468; x_wconf 85' lang='lat' dir='ltr'>legum</span> <span class='ocrx_word' id='word_1_198' title='bbox 1730 2397 1908 2470; x_wconf 87' lang='lat' dir='ltr'>Spar-</span> 
     </span>
     <span class='ocr_line' id='line_1_27' title="bbox 187 2477 1908 2540; baseline 0.002 -5"><span class='ocrx_word' id='word_1_199' title='bbox 187 2492 447 2536; x_wconf 85' lang='lat' dir='ltr'>tanarum</span> <span class='ocrx_word' id='word_1_200' title='bbox 476 2477 825 2531; x_wconf 83' lang='lat' dir='ltr'>severitatem</span> <span class='ocrx_word' id='word_1_201' title='bbox 849 2477 1107 2531; x_wconf 83' lang='lat' dir='ltr'>laudibus</span> <span class='ocrx_word' id='word_1_202' title='bbox 1135 2480 1348 2540; x_wconf 73' lang='lat' dir='ltr'>extulit,</span> <span class='ocrx_word' id='word_1_203' title='bbox 1370 2480 1713 2535; x_wconf 78' lang='lat' dir='ltr'>Atheniensis</span> <span class='ocrx_word' id='word_1_204' title='bbox 1737 2484 1813 2538; x_wconf 84' lang='lat' dir='ltr'>ita.</span> <span class='ocrx_word' id='word_1_205' title='bbox 1835 2484 1908 2538; x_wconf 82' lang='lat' dir='ltr'>ad</span> 
     </span>
     <span class='ocr_line' id='line_1_28' title="bbox 184 2560 1909 2636; baseline 0.001 -14"><span class='ocrx_word' id='word_1_206' title='bbox 184 2568 293 2622; x_wconf 85' lang='lat' dir='ltr'>hoc</span> <span class='ocrx_word' id='word_1_207' title='bbox 316 2565 582 2636; x_wconf 87' lang='lat' dir='ltr'>disputat,</span> <span class='ocrx_word' id='word_1_208' title='bbox 616 2572 676 2614; x_wconf 86' lang='lat' dir='ltr'>ut</span> <span class='ocrx_word' id='word_1_209' title='bbox 703 2560 941 2616; x_wconf 88' lang='lat' dir='ltr'>nimium</span> <span class='ocrx_word' id='word_1_210' title='bbox 970 2563 1212 2632; x_wconf 85' lang='lat' dir='ltr'>rigorem</span> <span class='ocrx_word' id='word_1_211' title='bbox 1232 2565 1435 2636; x_wconf 81' lang='lat' dir='ltr'>probet</span> <span class='ocrx_word' id='word_1_212' title='bbox 1464 2585 1576 2619; x_wconf 90' lang='lat' dir='ltr'>non</span> <span class='ocrx_word' id='word_1_213' title='bbox 1599 2568 1780 2622; x_wconf 88' lang='lat' dir='ltr'>minus</span> <span class='ocrx_word' id='word_1_214' title='bbox 1813 2590 1909 2623; x_wconf 86' lang='lat' dir='ltr'>re·-</span> 
     </span>
     <span class='ocr_line' id='line_1_29' title="bbox 188 2647 1910 2727; baseline 0.001 -21"><span class='ocrx_word' id='word_1_215' title='bbox 188 2647 654 2727; x_wconf 87' lang='lat' dir='ltr'>prehendendum</span> <span class='ocrx_word' id='word_1_216' title='bbox 692 2651 795 2700; x_wconf 81' lang='lat' dir='ltr'>effe</span> <span class='ocrx_word' id='word_1_217' title='bbox 833 2665 998 2718; x_wconf 87' lang='lat' dir='ltr'>quam</span> <span class='ocrx_word' id='word_1_218' title='bbox 1038 2647 1268 2702; x_wconf 87' lang='lat' dir='ltr'>nimiam</span> <span class='ocrx_word' id='word_1_219' title='bbox 1308 2649 1626 2718; x_wconf 84' lang='lat' dir='ltr'>licentiam,</span> <span class='ocrx_word' id='word_1_220' title='bbox 1663 2662 1719 2706; x_wconf 90' lang='lat' dir='ltr'>et</span> <span class='ocrx_word' id='word_1_221' title='bbox 1747 2674 1910 2708; x_wconf 88' lang='lat' dir='ltr'>amo·-</span> 
     </span>
     <span class='ocr_line' id='line_1_30' title="bbox 189 2730 1933 2809; baseline 0.002 -18"><span class='ocrx_word' id='word_1_222' title='bbox 189 2756 331 2803; x_wconf 88' lang='lat' dir='ltr'>rem,</span> <span class='ocrx_word' id='word_1_223' title='bbox 370 2734 568 2787; x_wconf 88' lang='lat' dir='ltr'>vinum</span> <span class='ocrx_word' id='word_1_224' title='bbox 601 2730 846 2801; x_wconf 81' lang='lat' dir='ltr'>aliasque</span> <span class='ocrx_word' id='word_1_225' title='bbox 876 2731 1207 2803; x_wconf 77' lang='lat' dir='ltr'>voluptate3‚</span> <span class='ocrx_word' id='word_1_226' title='bbox 1232 2736 1267 2786; x_wconf 86' lang='lat' dir='ltr'><strong>fi</strong></span> <span class='ocrx_word' id='word_1_227' title='bbox 1293 2735 1577 2789; x_wconf 86' lang='lat' dir='ltr'>moderate</span> <span class='ocrx_word' id='word_1_228' title='bbox 1604 2756 1694 2791; x_wconf 84' lang='lat' dir='ltr'>eas</span> <span class='ocrx_word' id='word_1_229' title='bbox 1724 2740 1933 2809; x_wconf 50' lang='lat' dir='ltr'>perci-0</span> 
     </span>
     <span class='ocr_line' id='line_1_31' title="bbox 189 2816 1912 2897; baseline 0.002 -22"><span class='ocrx_word' id='word_1_230' title='bbox 189 2823 410 2896; x_wconf 87' lang='lat' dir='ltr'>piamus</span> <span class='ocrx_word' id='word_1_231' title='bbox 452 2820 560 2885; x_wconf 82' lang='lat' dir='ltr'>fine</span> <span class='ocrx_word' id='word_1_232' title='bbox 593 2817 753 2881; x_wconf 84' lang='lat' dir='ltr'>causa</span> <span class='ocrx_word' id='word_1_233' title='bbox 789 2816 969 2883; x_wconf 83' lang='lat' dir='ltr'>reiici3</span> <span class='ocrx_word' id='word_1_234' title='bbox 1006 2816 1066 2870; x_wconf 89' lang='lat' dir='ltr'>in</span> <span class='ocrx_word' id='word_1_235' title='bbox 1106 2818 1427 2873; x_wconf 85' lang='lat' dir='ltr'>universum</span> <span class='ocrx_word' id='word_1_236' title='bbox 1457 2840 1646 2876; x_wconf 80' lang='lat' dir='ltr'>veram</span> <span class='ocrx_word' id='word_1_237' title='bbox 1676 2824 1746 2877; x_wconf 90' lang='lat' dir='ltr'>de</span> <span class='ocrx_word' id='word_1_238' title='bbox 1767 2826 1912 2897; x_wconf 87' lang='lat' dir='ltr'>legi-</span> 
     </span>
     <span class='ocr_line' id='line_1_32' title="bbox 189 2901 1909 2978; baseline 0.004 -20"><span class='ocrx_word' id='word_1_239' title='bbox 189 2905 295 2958; x_wconf 89' lang='lat' dir='ltr'>bus</span> <span class='ocrx_word' id='word_1_240' title='bbox 319 2901 689 2973; x_wconf 70' lang='lat' dir='ltr'>iustitutisque,</span> <span class='ocrx_word' id='word_1_241' title='bbox 708 2901 991 2954; x_wconf 86' lang='lat' dir='ltr'>iudicandi</span> <span class='ocrx_word' id='word_1_242' title='bbox 1015 2903 1288 2956; x_wconf 86' lang='lat' dir='ltr'>rationem</span> <span class='ocrx_word' id='word_1_243' title='bbox 1315 2909 1419 2958; x_wconf 85' lang='lat' dir='ltr'>effe</span> <span class='ocrx_word' id='word_1_244' title='bbox 1439 2905 1601 2971; x_wconf 89' lang='lat' dir='ltr'>hanc,</span> <span class='ocrx_word' id='word_1_245' title='bbox 1629 2925 1770 2978; x_wconf 89' lang='lat' dir='ltr'>quae</span> <span class='ocrx_word' id='word_1_246' title='bbox 1786 2930 1909 2965; x_wconf 86' lang='lat' dir='ltr'>rem</span> 
     </span>
     <span class='ocr_line' id='line_1_33' title="bbox 191 2986 1912 3062; baseline 0.004 -21"><span class='ocrx_word' id='word_1_247' title='bbox 191 3007 295 3062; x_wconf 86' lang='lat' dir='ltr'>per</span> <span class='ocrx_word' id='word_1_248' title='bbox 329 2988 384 3038; x_wconf 87' lang='lat' dir='ltr'>se</span> <span class='ocrx_word' id='word_1_249' title='bbox 422 2987 655 3057; x_wconf 85' lang='lat' dir='ltr'>spectet,</span> <span class='ocrx_word' id='word_1_250' title='bbox 691 3006 806 3040; x_wconf 90' lang='lat' dir='ltr'>non</span> <span class='ocrx_word' id='word_1_251' title='bbox 849 2986 1175 3057; x_wconf 51' lang='lat' dir='ltr'>exvulgari</span> <span class='ocrx_word' id='word_1_252' title='bbox 1211 3008 1386 3059; x_wconf 91' lang='lat' dir='ltr'>eoque</span> <span class='ocrx_word' id='word_1_253' title='bbox 1412 3010 1584 3060; x_wconf 87' lang='lat' dir='ltr'>pravo</span> <span class='ocrx_word' id='word_1_254' title='bbox 1615 2994 1715 3045; x_wconf 90' lang='lat' dir='ltr'>usu</span> <span class='ocrx_word' id='word_1_255' title='bbox 1753 2995 1912 3048; x_wconf 83' lang='lat' dir='ltr'>aesti-</span> 
     </span>
     <span class='ocr_line' id='line_1_34' title="bbox 194 3070 1909 3147; baseline 0.005 -24"><span class='ocrx_word' id='word_1_256' title='bbox 194 3081 339 3137; x_wconf 80' lang='lat' dir='ltr'>met3</span> <span class='ocrx_word' id='word_1_257' title='bbox 368 3070 511 3141; x_wconf 77' lang='lat' dir='ltr'>quod</span> <span class='ocrx_word' id='word_1_258' title='bbox 534 3070 754 3142; x_wconf 88' lang='lat' dir='ltr'>quidem</span> <span class='ocrx_word' id='word_1_259' title='bbox 780 3072 1201 3143; x_wconf 87' lang='lat' dir='ltr'>compotationis</span> <span class='ocrx_word' id='word_1_260' title='bbox 1223 3075 1479 3146; x_wconf 79' lang='lat' dir='ltr'>exemplo</span> <span class='ocrx_word' id='word_1_261' title='bbox 1503 3076 1909 3147; x_wconf 84' lang='lat' dir='ltr'>illustrat(641).</span> 
     </span>
     <span class='ocr_line' id='line_1_35' title="bbox 197 3152 1907 3230; baseline 0.005 -20"><span class='ocrx_word' id='word_1_262' title='bbox 197 3156 318 3210; x_wconf 88' lang='lat' dir='ltr'>Iam</span> <span class='ocrx_word' id='word_1_263' title='bbox 361 3152 542 3208; x_wconf 85' lang='lat' dir='ltr'>Clinia</span> <span class='ocrx_word' id='word_1_264' title='bbox 579 3156 953 3226; x_wconf 89' lang='lat' dir='ltr'>quaestionem</span> <span class='ocrx_word' id='word_1_265' title='bbox 991 3157 1420 3229; x_wconf 67' lang='lat' dir='ltr'>interponente,</span> <span class='ocrx_word' id='word_1_266' title='bbox 1469 3161 1603 3230; x_wconf 89' lang='lat' dir='ltr'>quid</span> <span class='ocrx_word' id='word_1_267' title='bbox 1653 3164 1907 3222; x_wconf 74' lang='lat' dir='ltr'>utilitatis</span> 
     </span>
     <span class='ocr_line' id='line_1_36' title="bbox 199 3239 1910 3311; baseline 0.005 -17"><span class='ocrx_word' id='word_1_268' title='bbox 199 3240 540 3311; x_wconf 84' lang='lat' dir='ltr'>compotatio</span> <span class='ocrx_word' id='word_1_269' title='bbox 563 3239 776 3307; x_wconf 86' lang='lat' dir='ltr'>afferat,</span> <span class='ocrx_word' id='word_1_270' title='bbox 814 3241 1159 3295; x_wconf 82' lang='lat' dir='ltr'>Atheniensis</span> <span class='ocrx_word' id='word_1_271' title='bbox 1185 3261 1303 3295; x_wconf 88' lang='lat' dir='ltr'>eam</span> <span class='ocrx_word' id='word_1_272' title='bbox 1334 3243 1487 3297; x_wconf 91' lang='lat' dir='ltr'>docet</span> <span class='ocrx_word' id='word_1_273' title='bbox 1507 3246 1579 3298; x_wconf 87' lang='lat' dir='ltr'>ad</span> <span class='ocrx_word' id='word_1_274' title='bbox 1602 3248 1910 3305; x_wconf 75' lang='lat' dir='ltr'>institutio-</span> 
     </span>
     <span class='ocr_line' id='line_1_37' title="bbox 200 3325 1910 3401; baseline 0.003 -21"><span class='ocrx_word' id='word_1_275' title='bbox 200 3344 361 3395; x_wconf 83' lang='lat' dir='ltr'>nem,</span> <span class='ocrx_word' id='word_1_276' title='bbox 398 3342 543 3397; x_wconf 86' lang='lat' dir='ltr'>quae</span> <span class='ocrx_word' id='word_1_277' title='bbox 572 3343 660 3378; x_wconf 88' lang='lat' dir='ltr'>res</span> <span class='ocrx_word' id='word_1_278' title='bbox 688 3327 748 3378; x_wconf 79' lang='lat' dir='ltr'>sit</span> <span class='ocrx_word' id='word_1_279' title='bbox 789 3325 1026 3379; x_wconf 82' lang='lat' dir='ltr'>maximi</span> <span class='ocrx_word' id='word_1_280' title='bbox 1051 3327 1350 3396; x_wconf 85' lang='lat' dir='ltr'>momenti,</span> <span class='ocrx_word' id='word_1_281' title='bbox 1387 3329 1681 3401; x_wconf 80' lang='lat' dir='ltr'>pertinere,</span> <span class='ocrx_word' id='word_1_282' title='bbox 1721 3341 1775 3385; x_wconf 88' lang='lat' dir='ltr'>et</span> <span class='ocrx_word' id='word_1_283' title='bbox 1801 3333 1910 3385; x_wconf 87' lang='lat' dir='ltr'>fine</span> 
     </span>
    </p>
   </div>
  </div>
 </body>
</html>
