2132 3652
837 198 1222 267 LEGES
1293 200 1389 256 111.
1855 218 1954 275 197.

368 342 507 402 ἉιΙι.
544 342 699 398 Haec
733 339 903 413 igitur
939 349 1006 409 ut
1035 339 1200 395 fiifius
1229 339 1638 414 explicaremus
1664 342 1954 398 Persarum

232 426 462 483 civitatis
499 426 683 481 effecit
720 425 1013 498 inquisitio.
1085 424 1402 481 invenimus
1427 435 1616 480 autem
1657 426 1824 482 etiam
1849 428 1952 482 de-

228 510 459 567 teriores
499 530 593 566 eos
622 511 794 567 factos
846 512 979 573 effe-5
1030 521 1085 565 et
1133 512 1355 567 causam
1390 511 1623 568 dicimus
1663 513 1812 566 hanc
1845 512 1951 564 effe

227 594 376 667 quod
406 595 720 654 libertatem
740 596 937 671 populi
964 597 1129 652 nimis
1143 597 1420 665 tollentes,
1439 596 1790 653 dominatum
1809 614 1949 650 vero

167 695 170 704 ·
223 679 396 751 magis
421 699 590 754 quam
625 703 728 756 par
752 693 873 737 erat
907 681 1235 736 inducentes
1270 682 1574 738 amicitiam
1601 680 1950 757 perdiderint

222 774 391 836 atque
412 769 871 823 communitatem
896 767 958 822 in
983 768 1224 824 civitate.
1264 769 1350 823 his
1375 777 1568 823 autem
1588 767 1815 830 sublatis
1830 767 1949 822 im-

219 851 546 925 perantium
582 853 869 908 confilium
903 874 1017 908 non
1058 854 1294 927 imperio
1331 852 1709 908 subiectorum
1749 861 1808 907 et
1837 870 1948 924 po-

216 936 344 1011 puli
382 940 692 993 commodis
729 939 991 1007 consulit,
1025 941 1122 994 sed
1151 940 1236 995 sui
1268 937 1490 1011 imperii
1519 939 1697 1001 causa,
1734 936 1944 994 etiamsi

222 1022 426 1091 exigua
451 1023 513 1076 fit
538 1043 965 1096 nonnumquam
999 1025 1214 1080 utilitas
1249 1041 1417 1094 quam
1446 1031 1708 1092 capturos
1745 1023 1804 1075 se
1839 1026 1944 1077 effe

218 1106 469 1178 sperent,
517 1107 683 1162 urbes
722 1118 985 1164 evertunt
1021 1115 1323 1180 gentesque
1357 1107 1699 1179 expellentes
1736 1106 1941 1162 amicas

219 1190 461 1264 igneque
504 1191 747 1247 delentes
797 1193 1059 1248 hostiliter
1093 1203 1150 1247 et
1189 1195 1301 1246 fine
1332 1191 1712 1247 misericordia
1744 1190 1941 1247 odium

220 1295 331 1347 quo
355 1277 450 1348 ipsi
483 1276 744 1332 seruntur
774 1278 907 1333 item
933 1277 1231 1347 concitant,
1269 1287 1324 1332 et
1350 1278 1390 1331 fi
1409 1276 1690 1332 neeesfitas
1715 1277 1941 1352 populis

218 1360 510 1415 obvenerit
530 1381 634 1435 pro
660 1363 782 1436 ipfis
807 1362 1125 1436 pugnandi,
1161 1363 1304 1416 nihil
1328 1363 1388 1416 in
1414 1355 1493 1415 eis
1520 1356 1939 1433 communitatis

216 1464 281 1499 ac
320 1447 622 1502 voluntatis
651 1457 916 1520 prompto
951 1466 1083 1501 cum
1116 1448 1303 1501 animo
1334 1447 1582 1520 pericula
1605 1445 1938 1520 suscipiendi

215 1540 272 1584 et
294 1532 574 1603 pugnandi
598 1532 918 1594 inveniunt,
946 1533 1040 1586 sed
1071 1534 1298 1587 turbam
1317 1531 1612 1587 hominum
1634 1549 1803 1601 quam
1826 1530 1936 1584 ha-

211 1616 346 1670 bent
379 1618 450 1671 ad
485 1635 787 1671 numerum
823 1616 1106 1672 infinitam
1142 1617 1396 1673 inutilem
1434 1617 1505 1671 ad
1528 1616 1739 1671 bellum
1763 1615 1935 1688 possi-

211 1702 363 1763 dent.
399 1713 450 1756 et
475 1705 620 1773 quafi
642 1701 829 1776 inopia
858 1703 1114 1758 laborent
1130 1703 1426 1758 hominum
1447 1702 1935 1756 conducuntmer-

211 1786 458 1839 cenarios
488 1797 820 1856 exterosque
839 1786 1113 1847 homines,
1148 1806 1180 1839 a
1204 1788 1406 1857 quibus
1427 1787 1658 1841 salutem
1680 1787 1902 1857 sperant
1910 1816 1930 1862 3

210 1881 502 1943 praeterea
537 1871 780 1942 desipere
810 1881 1085 1941 coguntur
1116 1870 1358 1924 dicentes
1387 1889 1589 1925 revera
1623 1887 1798 1941 nugas
1823 1873 1930 1924 effe

210 1957 280 2008 ad
306 1974 507 2009 aurum
520 1965 575 2009 et
586 1963 878 2025 argentum
895 1973 1274 2027 quaecumque
1288 1953 1618 2008 honoranda
1628 1963 1682 2009 et
1692 1954 1931 2026 pulchra.

210 2040 269 2094 in
289 2041 512 2096 civitate
537 2039 814 2094 dicantur.

346 2170 461 2227 Me.
496 2166 643 2223 Sane
666 2167 907 2240 quidem.

344 2293 484 2354 Ath.
531 2298 654 2350 Iam
691 2294 760 2348 de
781 2293 1074 2348 Persarum
1098 2291 1325 2364 quidem
1349 2290 1518 2347 rebus
1546 2290 1784 2362 quaestio
1808 2309 1923 2347 non

205 2391 356 2438 recte
380 2399 533 2435 nunc
559 2379 858 2434 constitutis
885 2387 1116 2452 propter
1137 2378 1371 2433 nimiam
1394 2375 1720 2432 servitutem
1741 2386 1797 2453 et
1824 2376 1921 2431 do-

203 2468 568 2524 minationem
586 2465 760 2522 finem
781 2465 1002 2520 habeto,

339 2595 453 2654 Me.
490 2593 635 2652 Sane
663 2592 904 2667 quidem.

344 2724 475 2779 Ath.
545 2724 634 2779 De
671 2721 855 2778 Attica
909 2736 1043 2774 vero
1094 2717 1319 2773 civitate
1367 2716 1621 2790 deinceps
1670 2715 1916 2770 similiter

209 2807 603 2879 exponendum
633 2809 706 2861 est
757 2808 833 2862 ita
875 2816 939 2860 ut
971 2804 1269 2878 probetur,
1317 2802 1623 2876 perfectam
1671 2802 1917 2873 nullique

210 2890 447 2963 imperio
492 2891 792 2948 subiectam
837 2892 1155 2947 libertatem
1191 2889 1448 2963 imperio
1473 2889 1761 2943 moderato
1809 2906 1915 2939 ve·-

210 2978 316 3028 stro
369 2973 517 3028 haud
566 2979 756 3048 paullo
806 2977 1144 3033 deteriorem
1190 2980 1311 3032 effe.
1405 2974 1567 3030 nobis
1613 2973 1762 3028 enim
1814 2971 1913 3025 iilo

213 3070 467 3130 tempore
510 3076 619 3129 quo
673 3060 863 3115 Persae
904 3064 1172 3129 Graecos,
1231 3061 1454 3116 fortaffe
1506 3058 1672 3112 etiam
1719 3074 1914 3111 omnes

215 3144 332 3197 sere
380 3143 638 3216 Europae
692 3143 894 3201 incolas
930 3149 1110 3204 adorti
1158 3150 1312 3209 sunt,
1363 3144 1554 3199 civitas
1593 3152 1712 3197 erat
1747 3150 1913 3196 vetu-
