2132 3652
792 162 1169 222 LEGES
1241 163 1329 220 111.
1815 181 1916 221 ποι

207 308 453 368 Eretriae
486 306 814 372 intuliffent‚
870 322 1209 378 quemquam
1262 302 1358 359 fibi
1398 305 1706 361 subvenisse
1738 325 1922 379 neque
2007 374 2012 386 Ι

205 412 450 470 pugnam
485 391 752 448 adiuvare
784 390 983 446 ausum
1021 393 1155 456 effe3
1201 388 1352 443 idem
1388 388 1561 462 igitur
1599 391 1767 444 etiam
1798 401 1923 450 tum

207 497 283 534 ne
301 488 450 532 terra
472 476 633 531 fieret
658 477 947 531 timebant.
1019 495 1084 530 ac
1113 475 1255 530 mari
1280 475 1507 548 quidem
1534 476 1748 530 nullam
1773 476 1922 530 salu-

206 563 274 617 tis
294 563 445 636 spem
472 561 751 625 videbant,
787 581 962 634 quum
988 581 1159 616 naves
1182 561 1332 616 mille
1354 571 1411 615 et
1432 562 1618 636 plures
1634 560 1800 615 etiam
1812 559 1923 615 im-

205 646 496 701 minerent.
563 665 739 700 unam
783 647 953 717 igitur
982 646 1215 701 salutem
1245 656 1646 719 cognoverunt,
1692 656 1923 701 tenuem

207 730 431 804 quidem
460 741 517 785 et
536 731 835 797 difficilem,
870 734 1042 787 solam
1066 744 1283 787 tamen:
1322 724 1677 805 respicientes
1699 730 1757 786 id
1773 730 1935 805 quod*

204 826 341 871 ante
366 814 579 871 sactum
618 827 765 884 erat,
804 837 977 889 quum
1012 819 1073 872 in
1107 818 1275 872 rebus
1306 816 1603 889 desperatis
1634 815 1925 872 victoriam

203 903 502 975 pugnando
539 908 929 975 reportassent,
967 903 1074 958 hao
1106 902 1255 958 ducti
1283 902 1376 974 spe
1399 900 1741 955 invenerunt
1762 900 1926 955 refu-

204 988 360 1059 gium
387 993 490 1041 effe
516 990 571 1040 se
601 989 745 1060 ipsos
772 988 909 1041 solos
940 1007 1002 1041 ac
1023 988 1182 1053 deos,
1216 988 1356 1042 haee
1382 987 1554 1056 igitur'
1578 985 1703 1058 ipsis
1732 986 1919 1040 omnia

206 1083 463 1127 mutuam
483 1074 794 1127 iniecerunt
816 1072 1132 1138 amicitiam,
1150 1072 1319 1125 timor
1342 1070 1603 1125 videlicet
1626 1080 1749 1124 tum
1764 1090 1926 1143 prae-

206 1175 330 1211 sens
353 1168 407 1211 et
432 1157 524 1228 qui
553 1177 582 1210 e
605 1158 814 1230 legibus
835 1155 1071 1230 pristinis
1099 1145 1326 1211 exortae
1356 1165 1492 1223 erat,
1527 1147 1924 1228 quem'legibus

208 1242 492 1313 prioribus
517 1242 830 1296 obedientes
869 1241 964 1295 fibi
990 1251 1472 1315 comparaverant,
1510 1261 1676 1313 quem
1700 1240 1926 1313 quidem

207 1326 478 1399 pudorem
508 1328 723 1399 saepius
754 1327 812 1379 in
847 1325 1190 1380 sermonibus
1213 1326 1587 1400 superioribus
1610 1326 1926 1399 appellavi-

205 1430 349 1476 mm,
389 1411 477 1464 cui
498 1411 705 1463 servire
727 1411 894 1464 etiam
928 1412 1171 1465 diximus
1199 1421 1457 1480 oportere
1478 1411 1578 1482 qui
1598 1411 1729 1466 boni
1757 1414 1925 1465 eflent

204 1496 386 1551 futuri
401 1534 436 1561 ,.
456 1497 613 1548 cuius
637 1496 826 1548 servus
848 1496 990 1549 liber
1019 1506 1312 1566 metusque
1338 1515 1571 1571 expers;
1606 1497 1700 1568 qui
1727 1498 1766 1548 fi
1790 1505 1925 1550 tuno

203 1581 406 1635 terrori
443 1598 559 1633 non
595 1583 805 1652 praesto
849 1579 1059 1647 sufflet,
1110 1599 1420 1652 numquam
1460 1579 1727 1655 congreffi
1755 1580 1927 1636 nostri

204 1665 382 1719 hostes
405 1666 801 1737 propulsassent
823 1683 1005 1736 neque
1029 1668 1237 1739 templa
1263 1676 1316 1720 et
1337 1668 1589 1741 sepulcra
1610 1678 1666 1739 et
1683 1667 1930 1738 patriam

206 1760 529 1818 ceterosque
552 1747 854 1802 familiares
878 1751 1040 1804 fimul
1065 1762 1120 1804 et
1145 1751 1760 1819 amicosdefendiffent5
1792 1756 1929 1808 ficut

203 1845 331 1889 tum
371 1833 764 1896 defenderunt,
811 1833 901 1886 sed
926 1833 1243 1889 minutatim
1275 1835 1372 1887 illo
1398 1846 1655 1909 tempore
1676 1831 1924 1894 nostrum

209 1919 437 1991 quisque
458 1918 736 1988 dissipatus
757 1916 897 1972 alius
923 1917 1030 1972 alio
1051 1915 1228 1973 fuisset
1249 1919 1537 1989 dispersus.

348 2046 458 2103 Me.
496 2045 667 2110 Sane,
691 2044 915 2118 hospes,
949 2055 1098 2101 recte
1121 2047 1384 2120 loquutus
1406 2066 1462 2102 es
1485 2057 1542 2102 et
1562 2048 1662 2103 tibi
1684 2050 1922 2123 patriae·

211 2151 319 2203 que
345 2132 756 2186 convenienter.

348 2257 484 2318 ΑιῘι.
521 2257 664 2315 Sunt
685 2260 796 2326 ista,
831 2262 1057 2331 Megille
1069 2282 1088 2330 3
1125 2280 1312 2318 coram
1335 2273 1390 2318 te
1406 2264 1576 2325 enim,
1614 2262 1711 2335 qui
1730 2282 1925 2320 rerum

206 2346 519 2419 patriarum
550 2355 753 2400 natura
784 2349 845 2401 fis
871 2347 1062 2415 sociu8‚
1100 2366 1242 2419 quae
1265 2358 1386 2405 tum
1407 2349 1551 2404 facta
1574 2349 1698 2404 sunt
1718 2369 1822 2423 par
1851 2352 1926 2405 est

210 2431 335 2487 dici.
410 2430 537 2486 vide
556 2442 745 2486 autem
775 2443 830 2486 et
853 2443 916 2486 tu
941 2444 997 2488 et
1020 2434 1225 2490 Clinias
1253 2454 1325 2490 an
1349 2453 1490 2506 quae
1513 2435 1584 2488 ad
1611 2437 1742 2507 legis
1761 2435 1926 2492 latio-

207 2538 341 2574 nem
385 2517 706 2592 pertineant
749 2517 1031 2587 dicamus;
1080 2540 1196 2574 non
1227 2521 1376 2574 enim
1421 2520 1558 2574 haec
1599 2522 1923 2577 sermonum

214 2606 370 2659 causa
401 2603 729 2679 persequor,
775 2603 868 2656 sed
903 2604 1018 2657 eius
1051 2621 1218 2675 quam
1247 2606 1370 2661 dico
1394 2604 1478 2660 rei
1500 2607 1707 2678 gratia3
1741 2608 1924 2663 videte

216 2690 393 2750 eninm
439 2707 614 2760 quum
643 2688 795 2743 idem
834 2689 1248 2762 quodammodo
1287 2690 1451 2745 nobis
1488 2688 1747 2746 acciderit
1771 2695 1925 2767 quod

212 2773 409 2845 Persis,
455 2774 660 2846 quippe
692 2774 778 2828 his
823 2775 891 2829 ad
945 2795 1173 2831 omnem
1220 2776 1547 2831 servitutem
1600 2778 1927 2837 ducentibus

219 2858 515 2930 populum.
550 2859 708 2915 nobis
744 2879 881 2915 vero
922 2872 1116 2917 contra
1138 2863 1207 2917 ad
1234 2880 1459 2917 omnem
1483 2861 1796 2918 libertatem
1821 2884 1924 2919 ex-

221 2939 512 2996 uitantibus
550 2944 964 3003 multitudinem
1004 2948 1314 3020 [quomodo
1347 2957 1404 3002 et
1436 2947 1568 3018 quid
1601 2947 1801 3002 deinde
1831 2948 1924 3002 di-

221 3027 447 3093 camus]
484 3026 784 3097 superiores
816 3032 971 3088 nobis
1001 3036 1288 3106 sermones}
1309 3033 1718 3107 quodammodo
1752 3051 1923 3107 prae·

222 3112 368 3166 clare
399 3110 623 3179 expositi
644 3113 781 3167 sunt.
