2176 3672
774 170 1158 242 LEGE'S
1229 190 1270 243 1.
1825 187 1894 248 55

114 325 125 341 ’
162 333 391 391 lentiam
436 339 548 384 tam
587 301 772 402 longo'
794 347 824 382 e
860 326 1032 402 spatio
1057 348 1187 402 erga
1208 349 1306 386 vos
1340 347 1440 403 ego
1474 328 1756 398 nostrique
1782 347 1890 402 pa..

159 425 344 476 rentes
383 414 672 470 habemus.

200 598 204 601 μ
295 532 432 591 Am.
470 531 586 587 Vos
607 528 834 601 quidem
866 526 935 579 ad
960 527 1318 594 audiendum,
1346 537 1408 582 ut
1425 534 1674 600 apparet,
1700 541 1888 598 prom-

157 615 243 692 pti
266 617 400 682 estis,
426 634 526 687 ego
553 632 688 670 vero
712 613 987 668 voluerim
1018 614 1246 686 quidem
1275 621 1551 690 prompte,
1585 628 1701 665 non
1725 602 1889 664 facile

158 705 345 758 autem
371 700 651 774 potuerim
673 719 691 764 3
729 708 974 754 attamen
1005 700 1324 755 conandum
1350 699 1439 756 est.
1513 694 1763 770 primum
1789 693 1887 765 igi.

157 798 252 843 tur
290 785 533 842 sermoni
583 785 981 839 convenienter
1035 782 1370 840 definiamus
1415 782 1549 855 quid
1594 783 1658 835 fit
1702 780 1886 839 cultus

157 890 439 945 quamque
475 872 589 925 vim
624 870 848 934 habeat3
891 887 996 940 per
1031 868 1184 925 huno
1208 870 1358 924 enim
1386 868 1622 923 dicimus
1646 881 1890 939 progre-

158 956 425 1011 diendum
454 961 557 1011 effe
588 953 942 1027 disputationi
967 973 1001 1008 a
1025 954 1185 1008 nobis
1211 973 1362 1009 nunc
1387 953 1684 1054 institutae,
1708 951 1887 1006 donee
1968 988 1988 1006 η

157 1040 225 1095 ad
253 1042 423 1097 deum
453 1060 553 1114 per
559 1039 762 1094 veniat.

302 1155 387 1210 Cl.
426 1154 572 1210 Sane
602 1153 826 1225 quidem
851 1152 928 1204 ita
953 1150 1235 1220 faciamuS,
1275 1151 1540 1225 siquidem
1559 1148 1693 1205 tibi
1675 1168 1887 1206 lucun-

158 1240 310 1294 dum.

297 1350 433 1407 Am.
469 1352 703 1407 Dicente
725 1350 897 1423 igitur
922 1371 1030 1419 me,
1057 1338 1351 1426 quid-poni
1378 1360 1642 1426 oporteat
1665 1353 1880 1407 cultum

155 1441 276 1502 esse,
302 1437 636 1491 confidet-ate
659 1456 730 1491 an
758 1437 967 1493 dictum
994 1438 1226 1512 placeat.

296 1549 376 1606 Cl.
415 1552 531 1607 Iam
561 1551 664 1607 dic.

292 1666 422 1722 Ath.
449 1666 587 1720 Dico
611 1666 794 1738 igitur,
820 1675 872 1722 et
892 1669 982 1722 aio
1005 1668 1191 1723 virum
1217 1667 1316 1740 qui
1334 1667 1393 1722 in
1408 1686 1472 1721 re
1498 1684 1883 1740 quaecumque

153 1754 214 1805 sit
236 1752 513 1826 praestans
550 1754 795 1808 voluerit
833 1754 1102 1820 evadere,
1141 1754 1290 1808 hanc
1317 1755 1493 1828 ipsam
1517 1764 1551 1808 'a
1574 1771 1752 1828 puero
1775 1755 1884 1807 sta-

155 1837 252 1890 tim
281 1846 541 1910 oportere
569 1838 753 1892 colere
778 1848 833 1891 et
862 1859 965 1912 per
984 1841 1183 1894 ludum
1202 1850 1256 1894 et
1278 1840 1422 1895 serio
1449 1841 1503 1893 se
1521 1849 1882 1895 exercentem

153 1923 211 1976 in
241 1922 500 1992 omnibus
529 1924 599 1975 ad
621 1942 743 1976 eam
759 1925 1195 1995 pertinentibusg,
1235 1925 1386 1978 velut
1404 1927 1438 1978 fi
1455 1925 1576 1996 quis
1595 1927 1883 1996 praestan·-

155 2019 267 2061 tem
278 2008 333 2059 se
345 2006 642 2078 agricolam
658 2009 775 2061 fieri
793 2010 1073 2082 cupiverit
1086 2011 1175 2064 vel
1186 2010 1571 2076 architectum,
1590 2011 1738 2064 hunc
1750 2029 1882 2082 pue-

151 2094 280 2149 riles
306 2092 503 2145 domos
527 2109 630 2164 per
653 2093 848 2147 ludum
874 2096 1153 2149 exstruere
1174 2095 1518 2168 oportuerit,
1554 2095 1718 2149 illum
1741 2114 1877 2148 vero

154 2196 349 2251 agrum
374 2177 580 2244 colere,
615 2186 679 2239 sset
714 2177 1079 2235 instrumenta
1118 2181 1350 2251 utrique
1371 2198 1568 2252 parva,
1608 2198 1881 2234 verorum

150 2263 509 2327 imitationes,
549 2266 937 2336 praeparanda
960 2266 1247 2338 utriusque
1272 2263 1590 2326 educatori;
1630 2262 1767 2337 quin
1792 2274 1880 2318 et-

150 2352 262 2405 iam
315 2347 628 2419 disciplinas
663 2365 807 2418 quae
848 2348 1270 2420 praediscantur
1308 2349 1514 2404 necess‘e
1558 2351 1632 2403 est
1670 2349 1878 2403 discere

149 2456 245 2490 eos
280 2432 588 2506 oportebit,
639 2435 799 2487 velut
837 2433 1059 2488 fabrum
1090 2435 1394 2508 lignarium
1428 2433 1699 2489 metiendi
1727 2444 1783 2488 et
1805 2433 1876 2488 ad

151 2522 402 2576 amussim
446 2516 705 2591 exigendi
739 2529 919 2574 artem
958 2530 1012 2572 et
1039 2520 1337 2575 militarem
1371 2520 1659 2592 equitandi
1690 2530 1876 2574 artem

152 2626 254 2683 per
275 2607 474 2661 ludum
495 2606 586 2660 vel
611 2605 759 2659 aliud
791 2606 924 2675 quid
952 2605 1198 2660 eiusdem
1222 2606 1461 2678 generss,
1475 2614 1532 2659 et
1555 2605 1876 2660 conandum

155 2695 225 2746 est
250 2712 352 2766 per
382 2692 574 2747 ludum
610 2690 745 2746 illuc
770 2701 1104 2746 convertere
1134 2693 1452 2766 voluptates
1469 2700 1524 2745 et
1545 2691 1875 2765 cupiditates

156 2795 463 2852 puerorum
495 2795 605 2848 quo
643 2777 939 2850 pervenire
978 2796 1069 2832 eos
1103 2787 1324 2851 oportet
1359 2787 1423 2831 ut
1459 2777 1699 2850 perfecti
1739 2796 1873 2831 eva-

157 2861 304 2916 dant.
369 2862 642 2915 summam
666 2860 835 2933 igitur
859 2863 1038 2917 cultus
1068 2863 1304 2918 dicimus
1326 2863 1384 2916 iu
1412 2872 1561 2917 recta
1589 2863 1869 2917 educatio-

158 2964 230 2999 ne
249 2950 371 3012 effe,
405 2959 544 3017 q'uae
566 2946 810 3001 ludentis
837 2946 1087 3001 animum
1112 2948 1173 3002 in
1197 2966 1448 3002 amorem
1479 2949 1594 3003 eius
1620 2948 1868 3002 maxime

157 3029 424 3094 adducat,
463 3048 629 3100 quam
665 3034 875 3103 assequi
902 3051 1032 3086 eum
1054 3042 1323 3107 oporteat,
1363 3043 1428 3087 ut
1457 3033 1548 3086 vir
1573 3035 1783 3087 exfistat
1808 3033 1868 3086 in

157 3112 339 3185 operis
369 3111 445 3164 sui
478 3114 683 3170 virtute
719 3118 1013 3188 perfectus,
1088 3119 1198 3172 iam
1237 3118 1441 3185 videte,
1482 3138 1551 3173 an
1578 3119 1866 3186 hactenuS,

159 3201 210 3253 id
239 3198 386 3269 quod
414 3197 545 3262 dixi,
589 3201 741 3255 vobis
770 3204 1036 3278 probetur
1066 3205 1208 3276 quod
1234 3203 1455 3278 protuli.

304 3310 381 3365 CI.
423 3311 670 3382 Quidni?
