2132 3652
167 106 271 165 264

168 266 412 304 numum
428 246 750 315 introducet
763 244 915 318 apud
933 251 1159 300 exteros
1177 244 1424 318 prelium
1453 266 1570 301 non
1595 246 1914 307 habent-em.

174 332 400 393 Vetabit
419 326 595 408 Porro
620 331 813 386 dotem
851 330 986 383 dare
1012 340 1067 383 et
1110 329 1378 403 accipere,
1414 325 1712 405 pecuniam
1737 333 1920 407 depo-

173 437 314 474 nere
357 427 417 473 et
446 416 731 473 foenerari
765 421 904 494 (non
943 418 1098 471 enim
1132 416 1382 479 divitiae,
1419 418 1518 471 sed
1556 418 1735 473 virtus
1766 421 1920 474 cives

177 503 368 562 redd-it
398 504 650 569 beatos);
688 518 1051 572 quamquam,
1089 513 1154 557 ut
1180 503 1408 557 divitiae
1440 523 1473 557 a
1495 503 1722 558 civitate
1756 517 1922 558 a‘mo-

179 589 403 645 vendae
423 590 571 654 sunt,
607 589 645 640 fi
671 588 1133 657 tranquillitatem
1161 598 1216 642 et
1238 590 1591 644 securitatem
1614 589 1792 643 adeffe
1816 608 1925 643 vo-

177 676 386 736 lumuS,
423 675 493 727 fic
516 673 688 727 etiam
719 671 894 727 nimia
918 671 1186 746 fugienda
1210 674 1283 726 est
1309 684 1627 747 paupertas.
1700 674 1925 727 Utrius-

185 778 301 832 que
339 757 539 812 modus
573 756 682 811 erit
717 758 832 811 sors
870 777 1012 829 quae
1052 759 1252 830 cuique
1278 759 1492 829 obtigit,
1532 777 1700 830 quam
1737 778 1926 831 neque

184 844 449 899 minuere
486 860 670 914 neque
699 843 868 915 supra
903 843 1286 916 quadruplum
1313 862 1514 915 augere
1541 845 1728 899 licebit
1757 847 1925 913 (745).

327 927 479 982 Urbs
503 928 564 982 in
596 928 784 983 media
813 929 1046 1001 regione
1077 929 1368 984 condenda
1400 939 1454 983 et
1487 930 1747 985 universa
1772 941 1931 985 terra

186 1003 251 1070 in
272 1013 571 1082 duodecim
607 1025 794 1087 partes
821 1014 1125 1070 dividenda
1158 1017 1258 1083 est3
1296 1025 1381 1070 tot
1410 1035 1550 1069 vero
1580 1017 1750 1070 sortes
1785 1015 1932 1070 saniz-

186 1098 377 1155 ·undae
397 1108 537 1172 quot
560 1101 686 1154 sunt
714 1092 875 1166 cives,
916 1109 973 1153 et
1011 1119 1266 1173 quaeque
1304 1102 1418 1155 sors
1455 1104 1589 1155 duas
1622 1100 1934 1156 continebit

186 1183 492 1258 portionem,
534 1186 662 1241 urhi
689 1185 1015 1259 propiorem
1045 1204 1238 1251 unam,
1275 1187 1514 1241 alteram
1538 1185 1930 1239 remotiorem.

188 1269 316 1326 Viri
355 1288 580 1342 quoque
611 1271 672 1325 in
720 1272 900 1326 tribus
935 1270 1251 1340 duodecim,
1290 1272 1493 1341 quibus
1526 1272 1747 1344 fingulis
1794 1271 1934 1325 deus

189 1356 454 1427 praeerit,
492 1351 882 1412 distribuendi.
955 1360 1044 1411 Ita
1080 1358 1141 1410 in
1180 1356 1440 1411 omnibus
1477 1368 1660 1411 certus
1700 1357 1934 1429 quidam

190 1439 397 1495 modus
414 1460 487 1496 ac
507 1460 780 1496 numerus
807 1443 1063 1497 constitui
1089 1462 1153 1496 ac
1175 1442 1478 1514 praescribi
1503 1442 1696 1509 debet,
1733 1443 1793 1495 in
1820 1459 1932 1512 quo

194 1535 388 1581 tamen
415 1528 728 1582 cavendum
753 1528 828 1580 est
862 1546 953 1593 ne,
991 1527 1050 1581 id
1088 1526 1242 1598 quod
1267 1526 1560 1599 Aegyptiis
1604 1535 1661 1579 et
1683 1525 1935 1580 Phoeni-

198 1611 358 1668 cibus
381 1615 586 1667 constat
604 1612 873 1679 accidiffe,
909 1630 1280 1666 numerorum
1303 1611 1545 1682 cognitio
1567 1611 1627 1666 in
1649 1611 1935 1665 sordidam

199 1696 362 1756 abeat
385 1697 830 1772 illiberalemque
856 1700 1110 1770 quaestus
1133 1696 1514 1768 cupiditatem.
