2176 3672
724 178 1242 237 LEGESII.
1774 137 1850 254 ff

120 310 435 424 petentium
477 329 536 377 et
588 318 822 377 fortium
869 319 1214 393 prorsusque
1258 318 1542 376 bonorum
1588 319 1846 378 virorum
1938 310 1948 323 ’

119 410 181 466 in
201 424 439 463 numero
464 407 639 477 gestus
663 404 796 459 etin
823 403 1120 459 harmonia
1147 415 1343 461 cantus
1377 414 1527 461 recte
1561 405 1845 462 exhibent.

263 518 345 575 Cl.
411 494 576 576 Nunc
611 537 749 572 vero
777 517 854 572 ita
881 517 1151 571 videntur
1182 518 1304 587 tibi,
1341 497 1443 592 per
1462 521 1676 585 Iovem,
1713 519 1850 573 hos-

118 624 231 680 pes,
271 602 333 659 in
365 603 589 675 reliquis
620 602 943 657 civitatibus
970 603 1198 658 facere?
1236 606 1519 676 equidem,
1567 614 1847 677 quantum

116 690 310 765 sentin,
349 689 448 744 nisi
477 688 625 763 apud
660 709 760 743 nos
787 689 874 743 vel
916 688 1065 761 apud
1093 689 1580 759 Lacedaemonios,
1617 708 1759 761 quae
1783 700 1848 745 tu

117 768 270 830 nunc
294 774 448 840 dicia,
483 776 664 829 nescio
692 774 832 838 fieri,
872 775 965 828 sed
991 794 1139 829 nova
1162 776 1433 848 quaedam
1458 778 1678 848 semper
1705 784 1761 828 et
1787 774 1850 831 in

116 858 495 914 saltationibus
539 871 595 915 et
627 861 686 914 in
729 861 947 931 reliqua
981 863 1185 915 mustea
1209 862 1467 914 universa
1491 861 1639 932 geri,
1676 880 1793 914 non
1814 879 1850 915 a
1886 847 1891 857 ¹

119 944 333 1018 legibus
367 955 611 1012 mutata,
649 946 739 998 sed
779 946 847 999 ab
879 944 1163 999 effrenatis
1191 943 1519 1014 quibusdam
1547 947 1850 1020 voluptati-

118 1029 223 1086 bus
253 1049 398 1103 quae
422 1042 640 1085 tantum
667 1032 864 1084 absunt
890 1041 948 1085 ut
969 1030 1195 1084 eaedem
1220 1030 1321 1082 sint
1345 1029 1703 1103 eundemque
1728 1050 1850 1084 mo-

122 1114 259 1170 dum
287 1117 534 1183 servent,
573 1116 1048 1187 quemadmodum
1076 1124 1137 1168 tu
1161 1114 1219 1168 in
1245 1115 1503 1187 Aegypto
1531 1133 1746 1185 narraS,
1784 1124 1852 1169 ut

120 1220 434 1274 numquam
462 1202 684 1255 easdem
708 1203 762 1253 se
790 1202 1084 1275 praestent.
1884 1198 1888 1206 ⁷

259 1315 398 1370 Am.
448 1315 676 1387 Optime
710 1313 969 1385 quidem,
1007 1334 1040 1367 o
1068 1313 1275 1381 Clinia3
1323 1314 1362 1367 fi
1400 1333 1537 1367 vero
1569 1313 1673 1369 tibi
1700 1314 1849 1370 visus

118 1401 237 1462 sum
260 1419 401 1471 quae
426 1410 484 1453 tu
510 1400 645 1452 dicis
663 1419 725 1452 ea
750 1399 933 1454 dicere
950 1421 1102 1454 nunc
1129 1399 1269 1464 fieri,
1296 1398 1450 1452 haud
1478 1399 1673 1464 miror,
1710 1418 1853 1471 quo-

116 1484 270 1538 niam
311 1504 425 1537 non
462 1487 612 1538 clare
650 1485 881 1538 dicendo
920 1486 974 1538 id
1012 1486 1159 1556 quod
1183 1483 1357 1537 sentio
1387 1484 1492 1538 hoc
1521 1485 1630 1539 feci
1657 1495 1714 1539 et
1743 1505 1849 1539 ex·-

116 1578 311 1642 pertus
339 1569 475 1623 sum.
519 1581 582 1623 ‘at
604 1589 745 1641 quae
771 1571 939 1623 velim
970 1559 1093 1624 fieri
1118 1571 1179 1624 in
1206 1572 1423 1636 musica,
1459 1571 1598 1624 haec
1627 1570 1850 1625 sortaffe

116 1655 197 1709 ita
223 1654 340 1708 dixi
365 1665 426 1709 ut
451 1657 551 1710 tibi
571 1658 715 1710 visus
741 1658 835 1710 firn
859 1657 953 1709 illa
977 1656 1311 1726 fignificare3
1344 1653 1672 1728 vituperare
1697 1656 1849 1712 enim

116 1759 210 1795 res
232 1740 556 1795 insanabiles
585 1753 638 1796 et
664 1742 724 1795 in
750 1740 1030 1812 peccando
1069 1741 1288 1813 longius
1314 1744 1847 1814 progreffasfnequa·

118 1844 292 1896 quam
313 1825 952 1897 iucundum‚aliquaudo
977 1835 1168 1879 tamen
1191 1827 1557 1879 neceffarium
1580 1828 1669 1879 est.
1708 1845 1850 1897 quo·

39 1936 41 1941 ·
118 1910 275 1964 niam
301 1903 436 1963 vero
472 1911 571 1964 tibi
600 1930 820 1982 quoque
846 1911 982 1963 haec
1005 1912 1072 1964 fic
1098 1913 1151 1963 se
1172 1910 1434 1963 videntur
1459 1909 1699 1975 habere,
1746 1927 1849 1980 age

122 1995 331 2048 dicisne
371 1997 519 2068 apud
558 2017 653 2050 vos
700 2006 754 2050 et
793 1997 960 2050 hosce
989 1995 1164 2068 magis
1205 2014 1377 2067 quam
1413 1994 1566 2069 apud
1598 1994 1846 2065 reliquos

119 2080 331 2135 Gaecos
361 2081 504 2137 haec
523 2081 647 2135 fieri
663 2081 693 2134 2

264 2193 343 2249 cl.
382 2194 595 2268 Quidni
619 2194 646 2248 τ

259 2304 397 2363 Am.
451 2307 607 2380 Quid
650 2327 815 2375 vero,
864 2310 898 2363 fi
924 2306 1072 2380 apud
1105 2307 1349 2379 reliquos
1380 2322 1605 2379 quoque
1636 2305 1715 2361 ita
1739 2302 1849 2360 fie—

117 2402 272 2459 rent,
303 2393 668 2465 pulchriusne
690 2413 752 2447 ea
776 2393 854 2448 ita
879 2396 934 2447 se
962 2393 1172 2448 habere
1204 2392 1543 2460 diceremus,
1585 2409 1755 2464 quam
1783 2401 1850 2445 ut

119 2495 270 2532 nunc
296 2478 478 2532 fiunt?

268 2591 357 2648 cl.
395 2592 578 2646 Multo
603 2592 733 2664 sane
760 2592 1079 2666 praestaret,
1117 2592 1172 2657 fi,
1207 2597 1272 2644 ut
1301 2589 1451 2662 apud
1476 2590 1643 2643 hosce
1668 2598 1725 2643 et
1744 2608 1846 2644 nos

124 2686 180 2733 et
201 2688 489 2750 praeterea
515 2687 577 2730 ut
605 2687 664 2731 tu
692 2697 851 2731 nunc.
869 2677 1052 2732 dixisti
1077 2682 1180 2732 effe
1198 2686 1495 2749 oportere,
1532 2675 1749 2731 fierent.

265 2789 403 2865 Ath.
440 2791 691 2861 Agedum
723 2790 1128 2844 consentiamus
1166 2810 1318 2844 nunc
1344 2790 1449 2843 hac
1477 2789 1546 2843 de
1569 2807 1665 2843 re:
1705 2806 1848 2841 num

126 2874 267 2950 haec
302 2877 427 2929 sunt
458 2893 597 2947 quae
629 2877 778 2949 apud
806 2897 905 2930 vos
950 2875 1105 2929 omni
1142 2875 1201 2930 in
1245 2875 1532 2950 disciplina
1568 2885 1625 2928 et
1646 2875 1850 2929 mufica

127 2958 563 3033 praedicantur?
610 2961 881 3032 poetasne
917 2961 1107 3032 cogitis
1142 2962 1352 3028 dicere,
1403 2960 1617 3013 bonum
1655 2958 1847 3011 virum

129 3043 227 3116 qui
266 3052 607 3114 temperatus
639 3046 701 3099 fit
734 3054 901 3116 atque
933 3047 1103 3100 iustus
1137 3046 1367 3100 beatum
1394 3049 1497 3098 effe
1525 3052 1580 3095 et
1606 3040 1845 3101 felicem,

127 3132 241 3184 five
268 3145 502 3200 magnus
529 3137 585 3180 et
614 3127 895 3192 robustus,
934 3132 1041 3183 five
1074 3149 1278 3204 parvus
1301 3139 1357 3183 et
1382 3127 1719 3191 imbecilla-⁴3,
1755 3127 1850 3179 seu

129 3213 337 3268 divitiis
376 3213 619 3266 abundet
657 3212 751 3264 seu
788 3232 900 3267 non
929 3214 1201 3269 abundet:
1242 3213 1499 3286 quocirca
1526 3210 1733 3264 etiamst
1760 3208 1850 3263 di·-

130 3297 301 3351 vitior
333 3298 394 3350 sit
425 3298 639 3372 Cinyra
663 3305 720 3351 et
740 3296 920 3368 Mida,
954 3311 1012 3354 at
1038 3300 1299 3363 iniustus,
1335 3298 1603 3436 mifigum
1626 3299 1729 3352 effe
1757 3295 1850 3351 vi-

206 3383 363 3440 Tom.
410 3383 473 3440 V
467 3382 512 3439 I.
