2132 3652
765 181 1312 241 LEGEs1v
1599 138 1606 148 ⁸
1801 187 1907 246 οὕ

310 333 440 389 Ath.
493 326 839 400 Principium
859 326 1058 381 ‘autem
1099 333 1255 379 ortus
1288 324 1549 380 omnibus
1585 328 1903 387 civitatibus

167 435 357 475 nonne
381 418 455 470 est
480 415 812 488 nuptiarum
832 412 1150 468 coniunctio
1177 421 1233 465 et
1257 412 1625 491 communio?

311 515 394 571 CI.
434 513 694 589 Quidni?

309 614 439 672 Ath.
476 613 766 694 Nuptiales
782 612 955 686 igitur
970 613 1119 685 leges
1148 612 1366 686 primae
1396 613 1433 666 fi
1468 613 1886 670 con'stituuntur

164 701 460 758 rectissime
490 701 761 754 videntur
789 700 993 773 cuique
1023 697 1233 754 civitati
1259 698 1549 766 constitui„
1797 710 1799 713 ·

307 815 392 872 cl.
429 813 700 871 Maxime.

300 929 436 991 Aah.
477 930 742 984 Dicamus
776 949 913 984 vero
945 930 1198 1003 primum
1226 929 1550 1004 fimplicem,
1591 948 1733 1000 quae
1770 928 1900 984 for-

156 1022 286 1073 taffe
301 1019 407 1072 hoc
420 1018 588 1070 modo
613 1019 665 1069 se
682 1016 936 1070 habebit:
967 1034 1206 1070 uxorem
1228 1015 1463 1087 quisque
1480 1016 1685 1081 ducito,
1715 1035 1898 1087 quum

159 1125 339 1159 annos
380 1105 545 1157 habet
588 1104 836 1174 triginta,
874 1121 1050 1172 usque
1087 1102 1155 1154 ad
1191 1118 1404 1155 annum
1433 1101 1696 1172 quintum
1723 1101 1898 1155 trice-

157 1174 375 1256 fimum,
416 1190 493 1240 fin
522 1188 727 1254 minuS,
767 1188 1004 1260 pecunia
1029 1198 1082 1241 et
1104 1187 1407 1259 ignominia
1433 1188 1748 1253 mulctator,
1788 1206 1897 1259 pe-

158 1275 323 1328 cunia
359 1275 585 1344 quidem
624 1284 778 1327 tanta
818 1283 868 1326 et
904 1283 1082 1340 tanta,
1122 1284 1176 1327 et
1214 1273 1520 1344 ignominia
1546 1274 1651 1327 hac
1676 1283 1731 1326 et
1766 1273 1893 1327 hac.

156 1379 220 1413 ac
249 1361 481 1431 simplex
507 1360 729 1429 quidem
757 1360 893 1412 haec
917 1362 1021 1412 esto
1049 1361 1115 1412 de
1141 1359 1347 1430 nuptiis
1372 1359 1484 1425 lex,
1523 1359 1732 1433 duplex
1756 1378 1893 1413 vero

153 1445 323 1507 hae03
363 1465 601 1507 uxorem
632 1446 868 1515 quisque
889 1445 1076 1498 ducito
1101 1463 1274 1515 quum
1298 1464 1474 1497 annos
1498 1438 1673 1498 habet¹
1703 1444 1896 1515 trigin-

153 1539 230 1598 ta,
266 1548 445 1601 usque
473 1531 541 1582 ad
570 1550 781 1583 annum
812 1531 1070 1602 quintum
1097 1531 1453 1597 tricesimum,
1490 1531 1736 1602 cogitans
1777 1523 1895 1584 hu-

153 1634 390 1669 manum
431 1633 601 1684 genus
638 1626 837 1669 natura
867 1620 969 1669 effe
995 1616 1429 1670 immortalitatis
1471 1616 1891 1687 quodammodo

151 1700 445 1775 particePS‚
474 1701 632 1753 cuius
655 1702 994 1773 appetitione
1017 1720 1237 1774 quaque
1261 1703 1495 1773 quisque
1519 1713 1719 1755 natura
1737 1712 1887 1756 tene-

152 1796 314 1852 atur3
353 1784 538 1838 famae
562 1786 711 1838 enim
741 1786 1076 1839 celebritatis
1106 1787 1459 1858 nominisque
1494 1798 1616 1858 post
1641 1797 1889 1842 mortem

150 1871 396 1926 habendi
414 1871 684 1942 cupiditas
711 1872 817 1924 hoc
842 1872 1061 1943 spectat.
1098 1890 1273 1942 genus
1303 1870 1564 1924 videlicet
1588 1871 1890 1926 hominum

151 1966 455 2027 cognatum
493 1956 613 2009 fere
647 1958 717 2009 est
754 1956 1011 2009 universo
1037 1955 1309 2030 tempori,
1347 1943 1620 2027 perpetuo
1662 1956 1889 2023 house-

149 2061 328 2115 quens
369 2055 423 2096 et
457 2043 860 2112 sequuturum,
910 2052 966 2095 et.
1002 2042 1106 2096 hoc
1144 2042 1315 2095 modo
1349 2042 1694 2108 immortale,
1718 2043 1885 2116 'quod

147 2139 311 2183 natos
334 2137 594 2182 natorum
617 2128 942 2199 relinquens
961 2127 1108 2181 idem
1134 2136 1188 2179 et
1215 2148 1393 2182 unum
1422 2129 1640 2198 semper
1667 2128 1755 2192 est,
1783 2145 1888 2199 ge·-

146 2215 394 2269 nerando
417 2214 893 2267 immortalitatem
924 2215 1277 2282 consequens.
1304 2214 1411 2267 hoc
1430 2213 1598 2284 igitur
1620 2213 1675 2263 se
1699 2211 1885 2285 ipsum

143 2302 300 2356 ultro
344 2299 565 2371 privare
597 2318 909 2370 numquam
936 2297 1019 2352 fas
1057 2300 1147 2360 est,
1185 2301 1438 2355 consulto
1463 2308 1651 2353 autem
1682 2300 1738 2351 se
1762 2300 1885 2371 pri-

145 2396 248 2441 vat
269 2387 362 2457 qui
390 2385 592 2439 liberos
615 2394 671 2438 et
694 2385 994 2438 mulierem
1018 2385 1162 2439 nihil
1189 2395 1367 2441 curat.
1397 2395 1451 2438 et
1485 2384 1883 2456 obtemperans

147 2470 373 2543 quidem
390 2472 497 2542 legi
522 2472 836 2543 impunitus
851 2472 1113 2540 discedet,
1141 2491 1255 2524 non
1280 2470 1675 2541 obtemperans
1689 2480 1884 2525 autem

147 2573 250 2610 nec
276 2574 517 2610 uxorem
545 2558 747 2609 ducens
762 2557 1012 2628 quinque
1033 2566 1089 2609 et
1111 2557 1337 2628 triginta
1355 2574 1531 2609 annos
1555 2569 1721 2609 natus
1738 2558 1883 2611 mul-

147 2648 326 2696 ctator
347 2643 645 2713 quotannis
671 2652 828 2695 tanto
869 2651 924 2695 et
956 2652 1135 2707 tante,
1175 2653 1236 2694 ut
1262 2661 1335 2695 ne
1358 2649 1520 2714 putet
1542 2640 1882 2698 caelibatum

148 2724 250 2779 fibi
261 2727 481 2782 lucrum
505 2739 559 2781 et
582 2727 1042 2783 commoditatem
1069 2726 1288 2786 afferre,
1312 2746 1417 2780 nec
1440 2726 1719 2781 honorum
1746 2748 1881 2802 par·-

148 2809 324 2882 ticeps
359 2810 484 2876 fiat,
535 2814 734 2884 quibus
769 2814 1017 2870 iuniores
1057 2813 1116 2867 in
1158 2793 1380 2867 civitat'e
1419 2813 1659 2868 seniores
1699 2813 1880 2866 solent:

80 2895 85 2898 ⁴
149 2891 435 2950 decorare.
506 2897 664 2952 Hanc
690 2899 862 2972 igitur
887 2909 943 2953 et
961 2899 1116 2954 illam
1141 2899 1323 2971 legem
1362 2896 1610 2957 audienti
1644 2897 1775 2951 licet
1807 2895 1879 2949 de

148 2995 486 3049 unaquaque
515 2981 779 3052 iudicare,
814 2994 1010 3039 utrum
1035 2986 1178 3057 leges
1206 2986 1452 3057 duplices
1482 2985 1561 3037 ita
1589 2986 1692 3035 effe
1717 3000 1878 3054 opor·

148 3073 286 3124 teat,
324 3063 473 3133 quod
511 3065 737 3135 quidem
775 3070 845 3122 ad
871 3070 1282 3142 longitudinem
1323 3058 1723 3141 amplissimum
1750 3066 1878 3131 erit,

148 3149 284 3220 quia
303 3150 704 3220 persuasionem
730 3161 786 3205 et
815 3154 1191 3211 minationem
1231 3153 1531 3225 coniungit,
1569 3172 1643 3207 an
1673 3153 1877 3223 sumpli-

148 3251 238 3287 ces
284 3234 353 3287 ad
398 3235 809 3309 longitudinem
842 3242 947 3295 effe
974 3241 1211 3298 debeant
1237 3239 1608 3297 minationem
1645 3245 1870 3293 tantum

148 3319 487 3376 abhibeutes.
