2176 3672
812 202 857 275 ι,
887 198 945 264 Ε
974 202 1031 258 G
1062 200 1118 259 ‘E
1155 203 1189 257 s
1229 283 1232 285 ,
1262 202 1358 258 111.
1816 206 1941 261 145

161 408 176 422 ‚
353 344 492 428 ᾉὶἧ,
531 346 645 400 Eos
689 345 787 417 qui
827 355 950 400 tum
976 344 1281 416 perniciem
1310 337 1612 416 effugerint
1633 347 1748 401 fere
1771 367 1939 403 mon-

209 429 368 488 canos
412 431 680 502 quosdam
702 430 860 485 fuiffe
884 432 1126 503 pastores
1147 427 1206 483 in
1230 430 1531 487 verticibus
1554 432 1775 501 alicubi,
1810 435 1939 487 exi..

183 530 321 590 ’τοῦ
339 517 549 571 femina
571 517 800 571 humani
828 515 1047 589 generis
1072 517 1414 572 conservata.

260 703 266 713 x
300 639 303 641 ³
350 642 433 700 Cl.
474 643 838 718 Perspicuum
864 643 919 697 id
943 643 1187 716 quidem.

262 802 287 809 -«
343 772 480 828 Aa».
530 773 716 843 Atque
756 770 813 824 hi
855 771 1080 842 quidem
1118 790 1294 843 quum
1336 781 1653 828 ceterarum
1687 771 1937 845 imperiti

205 857 421 913 fuerint
448 858 652 911 artium
680 861 883 910 ueceffe
910 860 987 910 est
1008 868 1129 912 tum
1157 857 1426 912 fraudum
1450 875 1587 929 quas
1619 857 1771 912 cives
1787 852 1936 912 lucri

205 955 262 997 et
289 944 658 997 contentionis
681 945 842 997 causa
868 940 1014 993 inter
1048 944 1101 994 se
1124 941 1430 998 admittunt
1455 952 1512 996 et
1545 951 1934 1014 quaecumque

203 1030 313 1083 alia
336 1028 611 1082 maleficia
634 1028 649 1080 i
658 1037 782 1080 nter
804 1027 862 1079 se
887 1026 1214 1095 excogitant.

348 1155 430 1212 Cl.
472 1155 922 1210 Consentaneum
945 1152 1110 1205 certe.

342 1281 475 1342 ΛιῘι.
525 1283 801 1336 Ponamus
843 1282 1015 1354 igitur
1054 1281 1220 1335 urbes
1258 1280 1319 1334 in
1356 1299 1553 1354 campo
1589 1290 1643 1335 et
1672 1281 1743 1335 ad
1770 1298 1929 1338 mare

202 1370 447 1423 conditas
470 1366 722 1420 funditus
745 1367 838 1421 illo
868 1378 1121 1442 tempore
1150 1368 1357 1421 deletas
1379 1367 1525 1422 effe?

341 1494 427 1550 Cl.
464 1495 746 1549 l'ouamus
769 1513 923 1548 vero.

336 1623 470 1679 Ath.
508 1622 706 1677 Nonne
735 1622 901 1692 igitur
915 1621 1279 1675 instrumenta
1296 1637 1518 1691 quoque
1545 1622 1928 1679 omniainter..

194 1709 316 1772 isse,
353 1719 433 1771 et,
472 1710 509 1760 fi
536 1708 669 1778 quid
699 1709 987 1761 inventum
1019 1707 1198 1761 fuisset
1226 1708 1292 1760 ad
1319 1716 1496 1760 artem
1522 1708 1808 1778 pertinens
1833 1710 1927 1762 in-

194 1796 399 1862 signem
441 1794 531 1845 vel
567 1793 633 1844 ad
676 1791 892 1844 civilem
936 1793 1026 1844 vel
1060 1793 1126 1844 ad
1154 1794 1317 1845 aliam
1347 1810 1512 1860 quam
1540 1793 1927 1864 prudentiam,

197 1879 386 1932 omnia
413 1877 547 1930 haec
567 1877 860 1930 concidisse
884 1876 939 1928 id
976 1877 1241 1949 temporis
1263 1876 1509 1930 dicemus
1525 1877 1552 1929 ¹?

338 2003 419 2060 Cl.
472 2003 774 2076 Quomodo
807 2002 973 2067 enim,
1013 2002 1105 2054 vir
1133 2001 1361 2073 optime,
1389 2005 1423 2056 fi
1455 1999 1763 2058 mansissent
1787 2005 1928 2061 haec

194 2092 271 2145 ita
320 2110 488 2143 omne
523 2109 624 2162 per
679 2099 897 2159 tempus
954 2088 1421 2158 quemadmodum
1466 2106 1617 2142 nunc
1662 2089 1922 2162 disposita

194 2178 334 2241 sunt,
375 2175 506 2228 novi
533 2173 660 2243 quid
688 2192 956 2243 umquam
982 2173 1225 2225 inveniri
1254 2172 1546 2243 potuisset?
1582 2173 1922 2229 innumera-

191 2259 321 2314 bilia
347 2259 512 2331 igitur
537 2255 713 2310 secula
741 2258 1019 2310 latuerant
1046 2256 1296 2309 homines
1321 2256 1466 2309 illius
1498 2259 1704 2319 aetam,
1745 2261 1922 2316 millia

191 2362 330 2397 vero
354 2345 440 2396 vel
466 2345 574 2396 duo
608 2343 785 2397 millia
812 2361 1089 2395 annorum
1115 2341 1567 2402 intercesserunt,
1606 2362 1780 2412 quum
1811 2347 1923 2401 alia

189 2429 471 2484 Daedalus
496 2428 848 2500 patefaceret,
871 2428 977 2480 alia
1006 2427 1270 2498 Orpheus
1298 2427 1405 2480 alia
1431 2427 1773 2501 Palamede&
1798 2451 1920 2485 mu..

191 2517 348 2570 sacam
391 2516 631 2586 Marsyas
666 2522 720 2566 et
755 2514 1065 2585 Olympus,
1103 2513 1290 2585 lyram
1313 2511 1617 2584 Amphion,
1656 2523 1710 2568 et
1736 2527 1919 2572 cetera

193 2599 285 2654 alii
310 2602 606 2672 permulta,
644 2619 786 2671 quae
813 2599 929 2653 sere
951 2599 1103 2652 haud
1126 2599 1202 2653 ita
1228 2598 1446 2670 pridem
1472 2598 1810 2658 exstiterunt.

328 2726 461 2785 Aah.
507 2728 651 2783 Scin’
675 2746 835 2793 vero,
877 2746 910 2779 o
941 2705 1382 2795 Clinia‚amicum
1406 2734 1463 2790 te
1486 2728 1915 2799 praetermififfe‚

193 2826 390 2866 revera
414 2831 592 2884 nuper
612 2822 867 2866 exortum
888 2811 915 2863 ‘3

334 2935 413 2991 CI.
447 2938 598 2991 Num
626 2938 754 2993 dicis
773 2936 1205 3015 Epimenidem?

333 3060 463 3117 Ach.
511 3063 694 3118 Etiam
727 3065 907 3133 hun03
941 3067 1106 3138 longe
1137 3064 1288 3120 enim
1318 3063 1480 3118 vobis
1511 3065 1790 3137 superavit
1815 3067 1909 3120 iu-

189 3156 360 3200 vento
402 3146 495 3199 illo
534 3148 604 3200 ad
640 3165 813 3201 unum
848 3170 1055 3220 omnes,
1106 3150 1301 3212 amice,
1365 3148 1513 3222 quod
1558 3150 1739 3203 verbis
1777 3153 1907 3224 qui-

190 3232 317 3286 dem
346 3230 609 3286 Hefiodua
637 3231 983 3290 divinaverat
1004 3234 1353 3300 iamdudum,
1388 3252 1451 3289 ro
1474 3241 1664 3290 autem
1686 3235 1779 3288 ille
1800 3236 1902 3289 ab·-

191 3315 367 3382 solvit⁹
405 3325 462 3368 ut
489 3334 587 3369 voe
608 3316 800 3386 dicitis.
