2132 3652
739 579 1030 707 LIBER
1075 644 1570 747 QUARTUS

288 771 671 867 Atheniensis
710 814 960 887 piimum
998 815 1071 869 de
1106 817 1263 870 urbis
1294 818 1619 872 condendae
1652 819 1754 872 fitu
1785 815 2020 889 quaerit,

291 901 557 969 hunoque
581 899 741 952 docet
765 902 1126 973 praestantioi
1130 922 1218 956 em
1243 908 1374 966 effe,
1413 906 1507 976 qui
1533 924 1565 958 a
1583 904 1724 959 mari
1747 903 2022 957 remotior

292 988 389 1054 fit‚·
405 993 709 1058 'propterea
732 987 880 1057 quod
904 986 971 1040 ad
1002 998 1381 1062 mercaturam
1400 1009 1419 1052 ,’
1461 1009 1584 1044 rem
1610 991 1860 1043 moribus
1886 1007 2025 1062 per·-

293 1066 718 1132 niciofiffimam,
757 1072 936 1125 nullas
960 1073 1164 1126 habeat
1187 1076 1647 1147 opportunitates.
1701 1075 1874 1144 Regio
1896 1092 2025 1146 por-

294 1177 361 1213 ro
386 1155 659 1210 eiusmodi
689 1160 793 1209 effe
829 1157 1026 1225 debet,
1063 1169 1126 1213 ut
1160 1162 1349 1214 omnia
1377 1162 1603 1233 quidem
1632 1160 1806 1227 serat,
1841 1175 2027 1229 neque

291 1254 485 1299 vtamen
509 1239 765 1308 abunde3
804 1256 937 1296 narn
966 1263 1108 1316 quae
1135 1247 1280 1301 nihil
1302 1247 1429 1314 fert,
1454 1266 1518 1300 ea
1541 1257 1857 1301 mercatura
1879 1241 2029 1297 indi-

296 1339 583 1402 get„quae
614 1329 953 1381 veromulta
978 1350 1152 1402 eaque
1179 1333 1397 1386 abunde
1431 1332 1578 1400 fert,
1614 1350 1703 1386 res
1738 1349 1884 1401 quae
1925 1346 2030 1381 ex-

294 1423 596 1489 portantur
618 1430 758 1465 auro
782 1422 838 1465 et
859 1426 1088 1483 argento
1116 1427 1439 1483 commutat,
1454 1418 1656 1487 quibus
1679 1416 1838 1489 peius
1862 1414 1921 1467 in
1943 1412 2031 1466 ci·-

296 1501 530 1556 vitatem
556 1497 699 1552 nihil
722 1499 916 1552 invehi
943 1501 1118 1571 potest
1142 1502 1307 1570 (705).
1381 1503 1613 1556 Accedit
1645 1501 1796 1573 quod
1829 1496 2031 1552 militia

298 1584 610 1650 maritima,
647 1582 871 1656 populis
906 1603 1079 1657 prope
1113 1604 1265 1638 mare
1302 1587 1679 1640 habitantibus
1717 1581 2031 1645 necessaria,

241 1671 257 1679 ’
298 1668 691 1727 fortitudinem
716 1679 771 1721 et
797 1670 1155 1736 constantiam
1184 1670 1425 1742 frangit3
1462 1673 1666 1724 milites
1700 1669 1851 1722 enim
1879 1664 2031 1720 navi-

301 1758 406 1810 bus
450 1754 817 1814 confident-es»,
857 1754 1009 1805 simul
1047 1764 1212 1823 atque
1246 1756 1412 1808 hostis
1453 1758 1672 1817 invasit,
1721 1755 1855 1822 fuga
1881 1754 1935 1804 se
1960 1750 2032 1804 ad

304 1845 519 1897 claffem
541 1837 821 1908 recipiunt
838 1840 1011 1901 (708).
1039 1865 1111 1878 -·-
1147 1839 1291 1892 Ante
1305 1840 1494 1893 omnia
1515 1860 1651 1892 vero
1667 1838 1860 1905 quaeri
1872 1855 2035 1908 ‚opor-

304 1937 403 1992 tet,
444 1924 672 1994 quinam
694 1922 797 1980 fint
824 1922 1007 1974 coloni
1044 1933 1098 1974 et
1123 1942 1228 1993 qua
1259 1925 1326 1978 de
1354 1928 1510 1981 causa
1532 1926 1854 1996 demigrent.
1927 1922 2035 1976 At-

306 2031 416 2083 que
443 2008 706 2063 facillima
731 2008 802 2058 est
829 2025 1010 2059 novae
1036 2009 1188 2061 urbis
1209 2013 1518 2066 constitutio
1536 2053 1551 2078 ,
1598 2014 1636 2065 fi
1668 2009 1856 2064 coloni
1882 2007 2036 2069 eius-

308 2099 435 2150 dem
461 2094 640 2166 stirpis
667 2095 814 2156 sunt,
856 2094 949 2146 vel
974 2094 1080 2147 loci
1113 2097 1369 2165 angustiis
1392 2099 1483 2151 vel
1509 2098 1615 2151 alia
1639 2097 1799 2151 causa
1825 2095 1894 2148 ad
1925 2110 2036 2144 no·
2080 2150 2087 2161 s

307 2203 404 2235 vas
435 2180 582 2232 sedes
609 2180 950 2248 quaerendas
975 2180 1164 2242 coacti,
1191 2201 1524 2254 quamquam
1552 2183 1688 2235 haec
1710 2178 1859 2251 apud
1885 2177 2036 2230 eius·
2119 2232 2121 2235 f

309 2266 458 2321 modi
492 2266 720 2318 colonos
758 2264 1051 2318 difficultas
1087 2265 1344 2335 obvenit,
1391 2269 1538 2340 quod
1573 2268 1714 2339 leges
1736 2281 2037 2332 moresque

313 2353 601 2408 consuetos
642 2366 805 2418 aegre
838 2351 1159 2421 deponunt,·
1208 2354 1387 2406 coloni
1423 2364 1618 2406 contra
1651 2350 1819 2406 variis
1850 2369 1880 2401 e
1902 2348 2036 2402 locis

316 2439 529 2492 collecti
555 2435 814 2489 facillime
839 2437 1063 2506 quidem
1093 2439 1239 2510 leges
1268 2440 1682 2512 amplectuntur
1707 2455 1904 2501 novas),
1943 2434 2036 2487 sed
2101 2426 2109 2432 ⁶

317 2522 671 2577 concordiam
708 2530 765 2573 et
802 2541 1050 2575 amorem
1089 2525 1163 2576 eis
1199 2524 1424 2577 iniicere
1457 2543 1594 2596 opus
1630 2521 1750 2576 fere
1790 2521 2035 2574 arduum

319 2611 408 2661 est.
482 2610 595 2662 Tot
620 2617 908 2680 tantasque
937 2608 1101 2663 habet
1123 2609 1471 2664 difficultates
1495 2611 1676 2680 legum
1708 2608 1839 2661 latio
1864 2610 2034 2675 (709).

316 2694 576 2752 Etenim,
632 2695 1105 2762 quemadmodum
1146 2696 1330 2748 omnia
1367 2713 1509 2764 quae
1557 2694 1615 2745 in
1665 2691 1779 2745 vita
1826 2690 2038 2744 huma-

319 2800 397 2835 na
433 2776 767 2842 obveniunt,
807 2780 873 2829 fic
908 2779 1072 2831 etiam
1101 2780 1282 2850 legum
1315 2780 1445 2832 latio
1469 2779 1864 2846 civitatumque
1897 2794 2036 2827 con-

321 2863 526 2921 stitutio
578 2880 610 2913 e
646 2860 877 2915 fortuna
919 2863 1195 2932 variisque
1244 2864 1452 2918 casibus
1507 2864 1733 2917 videtur
1780 2860 2035 2934 suspensa

326 2955 462 3016 effe3
502 2949 653 3001 casus
681 2959 866 3000 autem
894 2946 1034 3000 varii
1062 2949 1186 3018 quia
1219 2969 1319 3022 per
1359 2949 1488 3001 deos
1514 2948 1875 3012 obiiciantur,
1912 2944 2035 3020 pri-

325 3035 505 3092 maria
544 3032 797 3087 omnium
849 3050 991 3102 quae
1026 3030 1169 3085 fiunt
1215 3037 1373 3088 causa
1397 3055 1429 3088 a
1470 3035 1571 3088 deo
1611 3036 1684 3087 est
1720 3029 2031 3105 repetenda.

328 3123 589 3177 Tertium
624 3119 824 3172 deinde
861 3118 1009 3189 quod
1048 3118 1106 3170 in
1139 3119 1255 3172 vita
1286 3121 1533 3174 humana
1577 3129 1768 3192 regnat
1811 3137 1900 3173 ars
1944 3115 2030 3170 est.

328 3207 470 3263 Urbi
504 3205 671 3277 igitur
705 3203 1020 3257 condendae
1056 3221 1226 3273 quum
1260 3206 1422 3278 plura
1464 3205 1596 3272 alia,
1653 3222 1795 3274 quae
1825 3203 1895 3258 ad
1944 3202 2036 3254 sa-

332 3294 507 3348 lutern
556 3289 675 3343 eius
712 3290 954 3363 spectent
1003 3286 1294 3362 obtingere
1345 3291 1581 3356 debent,
1655 3300 1779 3344 tum
1820 3284 2036 3361 praeci·

335 3395 446 3451 pu·
481 3376 663 3431 bonus
707 3373 841 3448 legis
890 3375 1048 3431 lator.
1142 3375 1264 3433 Iam
1310 3375 1787 3451 quemadmodum
1832 3369 2047 3429 artifex
2130 3405 2132 3438 ρ
