2072 3652
750 186 1171 246 'LEGES
1241 190 1335 247 v1.
1815 187 1919 263 559

192 334 387 404 quodfi
405 332 475 387 de
500 350 565 385 re
588 330 898 406 consentire
929 331 1024 404 ipfi
1052 341 1353 403 nequeant,
1388 331 1606 403 senatus
1630 329 1913 385 decernito

189 418 477 490 utriusque
503 435 699 470 eorum
723 416 1070 485 electionem.
1108 426 1328 491 oportet
1352 433 1487 470 vero
1523 414 1695 468 etiam
1718 417 1914 488 priva-

187 512 374 555 tarum
401 503 693 554 causarum
718 501 1018 573 participes
1043 502 1163 557 fieri
1187 521 1290 574 pro
1316 498 1531 554 viribus
1558 516 1781 559 omnes;
1820 499 1931 565 cui¹

185 585 337 639 enim
374 586 641 640 adimitur
678 589 908 657 potestas
951 603 1083 643 'cum
1131 587 1250 642 aliis
1285 582 1601 652 iudicandi,
1648 584 1694 638 is
1726 586 1911 637 censet

183 671 412 726 omnino
434 672 674 726 civitatis
699 674 754 725 se
786 691 903 726 non
930 676 1032 728 esse
1070 672 1419 745 participem.
1457 667 1717 741 quocirca
1741 668 1910 721 eliam

181 774 284 828 per
305 756 483 811 tribus
507 761 717 811 necesse
745 759 817 811 est
841 757 1043 811 iudicia
1066 756 1190 811 fieri
1210 766 1265 811 et
1290 758 1437 810 sorte
1456 753 1664 809 iudices
1686 773 1718 806 e
1743 753 1912 807 vesti-

179 841 271 911 gio
290 840 551 913 precibus
572 843 927 915 incorruptos
950 842 1219 904 'iudicare;
1260 842 1488 896 tandem
1506 858 1641 894 vero
1665 838 1909 893 iudicato

179 927 249 980 de
269 926 533 981 omnibus
557 929 643 982 his
666 929 798 983 illud
838 927 1110 981 iudicium
1146 924 1560 997 quodndicimus
1586 941 1755 995 quam
1779 924 1914 995 pos-

175 1013 280 1066 sint
310 1012 455 1067 vires
490 1013 769 1068 humanae
803 1013 995 1067 incon
999 1010 1276 1106 uplisfime
1307 1009 1660 1064 constitutum
1697 1011 1801 1065 effe
1827 1008 1927 1062 eis

176 1115 417 1167 quorum
442 1097 567 1150 lites
592 1115 777 1167 neque
800 1097 859 1151 in
883 1097 1080 1152 vicinis
1102 1114 1284 1168 neque
1306 1094 1367 1150 iu
1386 1091 1671 1153 tiibuariis
1692 1092 1921 1149 iudiciis

174 1184 377 1253 possint
400 1183 684 1255 componi.

315 1295 480 1352 Nunc
501 1295 675 1367 igitur
688 1294 755 1349 de
773 1293 991 1349 iudiciis
1003 1338 1018 1362 ,
1036 1315 1179 1370 quae
1191 1294 1420 1368 quidem
1435 1292 1780 1365 magistratus
1795 1295 1901 1346 effe

174 1398 361 1452 neque
389 1381 672 1435 affirmare
692 1397 875 1449 neque
887 1400 1095 1454 negare
1114 1382 1282 1436 facile
1307 1379 1604 1452 quisquam
1626 1379 1739 1432 fine
1762 1397 1900 1430 con-

172 1468 435 1520 troversia
450 1465 679 1537 poterit,
703 1473 987 1536 tamquam
1012 1464 1370 1522 adumbratio
1388 1463 1663 1535 quaedam
1692 1462 1901 1516 extrin-

169 1552 322 1605 secus
335 1549 607 1623 descripta
618 1549 723 1602 alia
738 1550 946 1618 retulit,
960 1552 1066 1606 alia
1080 1551 1448 1624 praetermisit
1461 1548 1612 1615 fere3
1631 1547 1708 1602 ad·
1721 1546 1897 1605 finem

169 1640 321 1690 enim
343 1637 529 1707 legum
544 1634 761 1688 lationis
787 1646 1048 1691 accurata
1064 1638 1254 1708 legum
1270 1634 1618 1690 iudicialium
1633 1633 1902 1706 expolitio

167 1723 327 1777 simul
362 1731 417 1774 et
447 1719 718 1774 distinctio
751 1719 914 1788 longe
941 1722 994 1773 se
1016 1721 1243 1781 habebit
1267 1717 1579 1777 recliffime.
1616 1718 1704 1772 his
1725 1717 1902 1789 igitur

167 1806 378 1859 dicium
402 1806 508 1858 esto
531 1812 596 1856 ut
619 1803 688 1855 ad
713 1801 883 1855 finem
899 1822 1002 1857 nos
1027 1806 1362 1875 exspectent,
1384 1804 1735 1875 reliquorum
1758 1821 1895 1855 vero

166 1890 585 1965 magistiatuum
630 1887 1047 1942 constitutiones
1075 1890 1384 1961 plurimam
1419 1887 1542 1942 feie
1563 1894 1900 1962 acceperunt

165 1974 348 2045 legum
371 1972 655 2027 lationem.
693 1983 808 2027 tota
829 1982 1012 2026 autem
1038 1982 1091 2025 et
1110 1983 1367 2027 accurata
1392 1971 1558 2026 unius
1571 1981 1625 2025 et
1639 1970 1900 2027 omnium

165 2077 312 2130 quae
337 2058 403 2111 ad
431 2057 713 2113 civitatem
740 2057 1070 2128 civilemque
1093 2055 1626 2111 administrationem
1648 2056 1899 2127 spectant
1948 2085 1954 2094 ι

165 2142 431 2216 expositio
458 2161 572 2197 non
601 2144 778 2215 potest
800 2143 953 2215 prius
974 2141 1262 2198 manifesta
1284 2141 1428 2206 fieri,
1467 2158 1634 2213 quam
1659 2138 1900 2211 explica·

165 2227 246 2281 tio
284 2228 353 2280 ab
390 2227 555 2281 initio
593 2226 860 2281 secundas
897 2238 951 2281 et
987 2229 1197 2282 medias
1237 2236 1293 2280 et
1325 2242 1518 2281 omnes
1550 2226 1674 2282 suas
1704 2233 1898 2298 partes

163 2314 455 2386 complexa
490 2313 560 2367 ad
598 2311 770 2367 finem
812 2315 1082 2387 pervenit.
1134 2330 1285 2366 nunc
1318 2312 1451 2365 fane
1481 2309 1541 2363 in
1579 2308 1897 2379 praesentia

162 2416 343 2466 usque
396 2398 465 2450 ad
509 2398 731 2470 magistr
736 2408 930 2453 atuum
985 2397 1326 2452 mentionem
1369 2393 1500 2448 finis
1538 2393 1894 2488 superiorum

161 2481 253 2536 hic
277 2483 401 2538 satis
429 2483 454 2535 f
453 2484 614 2550 iciet,
653 2495 709 2538 et
731 2485 916 2555 legum
939 2481 1361 2539 scribendarum
1386 2477 1726 2571 principium
1751 2477 1894 2537 dila-

159 2566 308 2620 tione
335 2568 797 2638 cunctationeque
827 2567 972 2623 nihil
993 2564 1279 2637 indigebit.

304 2679 653 2734 CLP101sus
676 2679 813 2735 mihi
842 2699 913 2738 ex
935 2680 1112 2733 animi
1131 2676 1423 2747 sententia,
1459 2675 1674 2749 hospes,
1710 2692 1892 2747 quum

158 2764 444 2837 superiora
485 2764 726 2833 dixeriS,
764 2765 988 2820 initium
1026 2782 1178 2819 nunc
1218 2783 1349 2819 oum
1390 2761 1508 2815 fine
1547 2759 1890 2833 coniungens
1945 2762 1954 2774 ⁸

162 2850 230 2901 de
267 2848 431 2901 rebus
473 2849 584 2903 iam
622 2850 946 2904 memoratis
991 2859 1048 2902 et
1083 2867 1258 2922 porro
1291 2844 1700 2914 memorandis,
1748 2844 1889 2898 haec

162 2933 333 3005 magis
363 2932 526 2986 eliam
549 2952 720 3004 quam
743 2935 838 2989 illa
859 2932 1130 3007 protulisti
1152 2933 1346 2990 amice.

301 3043 441 3099 Aah.
489 3046 778 3101 Praeclare
803 3046 977 3118 igitur
1008 3046 1171 3104 nobis
1208 3050 1402 3106 senum
1435 3040 1681 3119 prudens
1722 3040 1891 3098 ludus

169 3128 357 3184 adhuc
381 3128 489 3184 erit
506 3147 661 3183 nunc
685 3130 1013 3188 commistus.
