2132 3652
714 286 1094 372 meris
1163 317 1260 374 1v.
1753 291 1971 387 2⁵⁷*

272 456 386 512 Me.
421 456 731 512 Laconicus
770 457 1001 531 quidem
1038 477 1165 513 mos
1206 461 1298 531 est,
1340 449 1560 536 hospeS,
1596 460 1863 516 breviora

78 595 88 617 0
130 559 385 618 quaeque
419 541 740 616 praeferre3
788 543 996 598 harum
1043 553 1232 600 tamen
1275 545 1781 622 praescriptionum
1823 546 1863 598 st

129 629 255 702 quia
278 627 520 682 iudicem
543 645 636 683 me
658 629 876 684 iuberet
900 633 1006 685 effe
1025 639 1178 686 utras
1199 631 1405 686 vellem
1431 631 1491 685 in
1514 628 1737 686 civitate
1758 627 1863 685 mi·

126 713 192 769 hi
228 713 487 786 proponi,
527 715 780 786 longiora
821 714 1101 787 eligerem,
1138 726 1308 787 atque
1338 716 1510 772 etiam
1540 717 1600 771 in
1635 732 1864 789 quaque

127 800 266 871 lege,
300 795 611 854 secundum
636 801 956 873 exemplum
981 801 1127 870 ‚illud
1153 803 1190 855 fi
1218 811 1457 873 utraque
1482 817 1865 875 proponeren-

44 923 50 929 »
126 896 240 951 tur,
278 885 425 939 idem
460 885 569 940 hoc
609 887 906 959 eligerem3
947 905 1284 960 quamquam
1311 887 1423 940 fine
1447 885 1618 942 dubio
1641 885 1861 943 Cliniae

125 989 356 1044 quoque
395 971 530 1025 huic
557 991 672 1026 non
710 976 934 1045 possunt
954 990 1070 1027 non
1093 971 1324 1047 probari
1363 972 1512 1044 leges
1544 990 1696 1027 nunc
1720 990 1864 1044 pro-

122 1058 360 1130 pofitae3
386 1057 550 1112 huius
570 1058 721 1113 enim
738 1057 873 1113 urbs
898 1060 971 1112 est
985 1076 1125 1130 quae
1141 1056 1341 1112 talibus
1364 1074 1517 1112 nuno
1530 1058 1748 1132 legibus
1770 1057 1856 1112 uti

126 1144 348 1216 cogitat.

272 1229 351 1284 Gl.
383 1229 687 1295 Praeclare,
723 1229 966 1301 Megille.
1003 1231 1274 1302 loquutus
1297 1249 1372 1286 es.

270 1314 407 1369 Am.
434 1317 511 1369 At
539 1334 672 1368 vero
700 1315 769 1370 de
793 1315 980 1368 multis
1005 1316 1095 1368 vel
1124 1314 1315 1388 paucis
1338 1310 1866 1389 praescriptionibus

129 1398 389 1454 disserere
410 1399 577 1453 nimis
598 1402 883 1471 ineptum3
920 1400 1154 1468 etenim,
1192 1401 1425 1474 opinor,
1459 1400 1706 1474 optima,
1743 1419 1863 1454 non

130 1485 452 1539 brevisfima
480 1505 583 1537 nec
605 1485 1267 1555 longitudines‘colenda3
1303 1504 1449 1558 quae
1473 1504 1610 1542 vero
1636 1503 1697 1541 ln
1722 1485 1867 1557 legi-

128 1572 232 1626 bus
254 1570 425 1625 modo
451 1570 576 1624 latis
611 1571 890 1643 propofita
924 1572 1079 1638 sunt,
1127 1590 1243 1625 non
1279 1572 1456 1625 altero
1497 1580 1656 1626 tanto
1687 1573 1867 1626 altera

128 1656 317 1712 alteris
355 1658 630 1727 praestant
666 1666 885 1710 tantum
922 1656 993 1711 ad
1031 1657 1299 1711 virtutem
1347 1658 1511 1727 usus,
1546 1657 1675 1723 sed,
1713 1654 1868 1727 quod

124 1745 296 1799 modo
322 1741 590 1805 diximuS,
631 1741 841 1812 duplex
865 1741 1218 1797 medicorum
1244 1761 1419 1814 genus
1441 1741 1736 1797 rectisfime
1757 1758 1867 1813 ap-

122 1830 360 1903 pofitum
402 1828 487 1879 est.
526 1825 593 1878 de
632 1824 736 1878 hoc
765 1834 951 1878 autem
982 1827 1166 1879 nullus
1191 1827 1416 1880 videtur
1441 1826 1699 1896 cogitaffe
1727 1844 1865 1879 um·-

126 1933 298 1985 quam
323 1913 509 1982 legum
547 1911 826 1974 latorum3
862 1927 996 1962 nam
1033 1928 1211 1980 quum
1235 1911 1398 1964 liceat
1423 1910 1641 1964 duobus
1670 1910 1754 1964 uti
1789 1909 1863 1964 ad

124 2002 312 2070 legum
356 1997 643 2063 lationem,
679 1996 1029 2068 persuasione
1063 2005 1119 2049 et
1146 1996 1218 2063 vi,
1255 1996 1436 2068 quoad
1464 1996 1584 2050 eius
1609 1991 1733 2048 fieri
1754 2012 1868 2067 po·—

124 2087 221 2139 test
249 2083 399 2155 apud
437 2080 660 2134 turbam
698 2079 1017 2151 disciplinae
1051 2093 1374 2154 expertem,
1411 2083 1590 2136 altero
1622 2089 1867 2136 utuntur

125 2166 549 2233 tantummodog,
599 2184 714 2218 non
743 2166 898 2219 enim
937 2185 1064 2220 cum
1094 2169 1443 2239 persuasione
1481 2174 1863 2239 temperantes

123 2256 497 2311 necessitatem
525 2252 669 2320 leges
691 2249 958 2318 scribunt,
994 2251 1087 2303 sed
1127 2270 1340 2307 meram
1368 2259 1590 2306 tantum
1616 2249 1730 2304 vim
1759 2250 1866 2304 ad·-

124 2342 395 2396 hibentes.
432 2357 532 2410 ego
559 2355 715 2397 vero,
754 2354 787 2388 o
812 2336 1268 2408 praestantissimi,
1305 2337 1539 2392 tertium
1568 2344 1863 2411 praeterea

126 2426 337 2498 aliquid
373 2423 537 2478 video
583 2419 735 2492 quod
773 2420 834 2474 in
873 2420 1090 2490 legibue
1128 2422 1436 2478 condendis
1480 2421 1607 2476 fieri
1643 2420 1863 2491 debeat,

122 2529 280 2568 nunc
305 2520 493 2565 autem
523 2523 875 2579 nequaquam
902 2505 1018 2560 fiat.

268 2595 351 2651 Cl.
393 2594 678 2670 Quidnam
702 2590 879 2644 dicis?

268 2683 412 2738 Am.
450 2679 623 2752 Quod
668 2697 738 2730 ex
774 2677 896 2749 ipsis
933 2696 1076 2749 quae
1113 2694 1268 2731 nunc
1295 2674 1507 2748 egimus
1536 2674 1641 2731 deo
1672 2675 1864 2750 aliquo

129 2766 358 2823 iuvante
394 2765 610 2819 exsistit.
647 2763 765 2817 fere
800 2762 949 2816 enim
982 2783 1055 2817 ex
1090 2782 1199 2835 quo
1233 2763 1305 2816 de
1337 2762 1552 2834 legibus
1572 2763 1880 2837 coepimus‘

21 2908 28 2920 ,γ
133 2851 401 2912 differerej.
422 2870 455 2903 a
473 2867 658 2917 mane,
698 2849 960 2903 meridies
987 2850 1165 2904 factus
1192 2851 1266 2902 est
1292 2858 1348 2901 et
1370 2847 1477 2901 hoc
1505 2849 1625 2903 loco
1652 2848 1863 2922 oppido

25 2937 31 2999 j
130 2931 369 3008 pulchro
400 2934 468 2988 ad
495 2932 948 3003 requiescendum
972 2936 1281 3000 verlamur,
1304 2932 1447 2987 nihil
1474 2933 1627 2988 aliud
1654 2932 1865 2988 facien·

29 3036 34 3051 ³
131 3030 213 3074 tes
251 3020 347 3073 nisi
390 3018 459 3071 de
504 3014 712 3085 legibus
748 3017 1118 3090 disputanteS,
1173 3019 1242 3072 ad
1283 3020 1430 3090 leges
1464 3028 1651 3071 autem
1686 3016 1862 3070 modo

131 3105 274 3159 mihi
299 3104 555 3157 videmur
582 3102 801 3172 aggredi
825 3102 1108 3168 dicendas,
1150 3117 1207 3159 et
1231 3105 1524 3178 superiora
1554 3110 1716 3157 erant
1739 3119 1862 3155 om-

1 3198 43 3246 ὓς·
131 3191 226 3245 nia
243 3187 529 3262 prooemia
553 3187 750 3257 legum.
775 3189 1039 3255 quorsum
1066 3208 1197 3243 vero
1223 3191 1363 3244 haee
1386 3204 1531 3259 quae
1557 3183 1675 3238 dixi
1702 3200 1859 3255 spec·

130 3275 287 3330 tant?
328 3274 437 3327 hoc
471 3272 654 3325 dicere
689 3270 848 3329 volo,
886 3273 1207 3328 orationum
1248 3273 1476 3345 quidem
1518 3280 1575 3325 et
1599 3269 1858 3323 omnium

133 3379 374 3432 quorum
413 3358 690 3431 particeps
737 3373 848 3408 vox
892 3355 951 3407 fit
987 3360 1276 3428 prooemia
1317 3362 1423 3414 effe
1464 3366 1517 3411 et
1552 3355 1674 3410 fere
1710 3352 1860 3424 quast

12 3439 59 3529 ’ᾗὲ
132 3446 474 3517 prolufiones
526 3432 822 3515 quasdam,
874 3440 1226 3498 artificiosam
1270 3443 1554 3518 quandam
1590 3436 1861 3492 habentes

55 3538 57 3540 ’
212 3529 375 3588 Tem.
428 3528 528 3580 VJ.
1466 3525 1512 3578 R
