2132 3652
241 273 344 313 212

236 414 353 471 que
377 405 449 454 eo
471 396 569 470 qui
589 397 715 471 ipsis
739 395 974 451 debetur
994 396 1215 452 honore
1238 398 1498 470 prosequi
1518 402 1626 476 par'
1640 402 1744 468 est3
1780 400 1971 456 secun-

244 485 324 540 do
337 485 458 539 loco
493 494 789 557 parente&⁹
827 491 943 539 iam
971 482 1134 538 vivos
1161 502 1330 556 quam
1358 486 1469 538 vita
1500 484 1824 553 defunctos,
1861 487 1973 541 coli

232 580 465 646 oportet
493 568 759 640 (plurima
795 567 943 622 enim
983 567 1060 621 eis
1094 568 1412 638 debemus)3
1452 571 1692 642 denique
1713 573 1881 626 etiam
1905 573 1972 626 li-

238 655 405 714 beri&
424 650 683 723 cognatis,
708 649 925 704 civibus
941 660 996 705 et
1008 653 1313 724 peregrinis
1327 655 1459 709 iusta
1483 658 1608 709 sunt
1631 658 1968 731 praebenda.

239 743 326 796 De
349 738 438 791 his
461 737 691 810 aliisque
729 736 981 790 eiusdem
1009 737 1225 807 generis
1248 757 1614 813 praemonere
1639 753 1861 815 oportet
1883 744 1972 797 le-

152 862 156 866 ,
239 823 619 898 gielatorem,
664 831 731 876 ut
761 820 973 875 civium
1013 823 1229 876 animos
1265 824 1331 877 ad
1368 825 1636 880 virtutem
1674 828 1972 881 colendam

241 909 451 966 excitet
484 909 741 982 ipsasque
777 908 844 961 ad
878 908 1026 979 leges
1062 917 1374 980 praeparet.
1447 910 1728 982 Quocirca
1762 931 1972 986 prooe-

240 996 359 1053 mia
396 993 470 1050 ad
514 991 966 1048 exhortationem
1007 1002 1064 1047 et
1108 995 1517 1066 persuasionem
1554 998 1974 1050 accommodata

237 1082 682 1156 praemittantur
719 1081 927 1131 necesse
961 1081 1063 1148 est,
1113 1096 1254 1150 quae
1285 1099 1405 1134 rem
1429 1081 1644 1151 legibus
1667 1080 1974 1134 accuratius

240 1166 621 1223 definiendam
667 1163 1006 1218 adumbrent
1044 1175 1100 1218 et
1132 1165 1439 1236 generatim
1477 1165 1546 1219 de
1585 1185 1647 1220 ea
1687 1173 1977 1238 exponant

245 1258 419 1322 (720).
495 1254 657 1307 Duae
694 1251 821 1303 sunt
859 1250 1007 1304 enim
1035 1252 1221 1322 legum
1258 1250 1682 1306 scribundarum
1709 1250 1973 1310 rationes,

172 1405 184 1408 ἡ
240 1340 376 1393 ficut
402 1336 513 1391 duo
548 1332 810 1389 medendi
832 1336 1009 1391 modi;
1046 1354 1159 1389 una
1185 1338 1257 1388 est
1274 1338 1464 1391 mitior
1493 1337 1585 1390 illa
1615 1354 1757 1408 quae
1775 1336 1976 1390 adhor-

240 1423 511 1478 tationem
541 1431 596 1475 et
633 1422 1039 1494 persuafionem
1084 1421 1339 1489 adhibet,
1376 1424 1546 1478 altera
1573 1424 1792 1490 severa,
1831 1439 1974 1493 quae

245 1509 420 1564 statim
461 1516 517 1560 et
548 1507 789 1578 imperat
832 1516 887 1558 et
921 1515 1075 1558 vetat
1108 1514 1162 1556 et
1188 1524 1396 1578 poenas
1433 1506 1725 1559 constituit.
1800 1506 1974 1578 Quod

245 1595 472 1667 quidem
509 1603 575 1646 ut
617 1592 949 1659 illustretur,
999 1589 1251 1661 primum
1288 1591 1357 1643 de
1396 1591 1756 1644 matrimonio
1791 1592 1972 1660 legem

246 1679 432 1733 statuit
471 1678 802 1750 simplicem,
853 1679 915 1731 in
957 1694 1066 1745 qua
1103 1675 1345 1746 coniugii
1386 1687 1608 1745 tempus
1642 1675 1840 1729 finitur
1879 1675 1975 1727 id-

244 1783 357 1835 que
390 1764 696 1834 negligenti
735 1782 916 1833 poena
952 1762 1255 1831 irrogatum
1309 1760 1505 1812 deinde
1533 1760 1971 1815 admonit-ionem

246 1850 463 1903 subiicit
484 1848 556 1902 ad
584 1846 1034 1919 persuadendum
1060 1847 1548 1899 accommodatam.
1589 1845 1858 1917 Imperite
1879 1843 1975 1897 fa·-

243 1934 405 1987 oiunt
427 1932 552 2005 qui,
586 1929 966 1985 admonitione
1000 1941 1056 1984 et
1087 1933 1432 2004 persuasione
1458 1930 1722 2005 neglectis
1732 1969 1750 1996 ,
1792 1930 1972 1985 minas

241 2019 456 2075 iactant
474 2018 537 2074 in
554 2017 768 2091 legibus
790 2017 1106 2073 condendis,
1991 2019 1994 2023 '
