2098 3658
795 160 1179 260 L‘EcEs
1251 200 1346 261 vr.
1593 190 1597 196 ’
1829 156 1953 281 5ςῆ

209 353 381 408 etiam
424 348 734 406 minitando
772 362 866 408 eos
889 333 1221 400 'abducunto
1264 363 1300 398 a
1335 357 1560 417 peccato
1599 356 1654 402 et
1685 339 1961 420 inscitia&

209 425 400 514 quoilfi
424 434 537 489 non
565 432 886 508 potuerint,
934 429 1006 484 ad
1027 430 1215 500 legum
1238 430 1480 485 custodes
1503 433 1822 490 accedentes
1842 436 1937 490 in-

208 521 450 587 dicante,
473 530 545 578 ,et
562 520 625 574 hi
650 516 1011 592 prohibentes
1051 518 1130 571 fin
1151 525 1338 571 autem
1362 534 1464 570 nec
1486 515 1547 571 hi
1570 516 1625 570 id
1649 521 1937 589 potuerint

207 607 458 672 efficere,
506 605 732 679 publico
757 604 1107 671 declarante,
1159 620 1334 674 quum
1359 602 1420 656 in
1451 602 1663 656 tabulas
1689 604 1939 675 publicas

104 739 112 747 .
158 718 183 741 ι
203 691 510 747 retulerint
536 688 740 760 iusque
770 688 1074 743 iurandum
1099 686 1536 761 interposuerint
1561 688 1612 739 se
1646 708 1763 742 non
1788 695 1936 762 poffe

202 777 362 832 hunc
386 786 442 831 et
463 776 616 831 hunc
634 774 941 830 'meliorem
961 773 1210 841 efficere3
1247 774 1308 827 in
1335 771 1547 827 tabulas
1561 773 1813 845 publicas
1836 795 1936 830 re-

202 864 381 935 latae,
417 862 521 916 nifi
545 860 849 917 convicerit
869 860 927 914 in
948 860 1156 915 iudicio
1178 859 1543 927 accusatores,
1587 860 1795 915 horum
1831 881 1935 916 ex-

201 967 335 1022 pers
370 948 482 1000 esto
520 947 838 1001 honorum:
887 965 1069 1018 neque
1101 946 1171 1000 ad
1209 945 1434 1019 nuptias
1470 946 1711 1018 accedito
1749 966 1935 1020 neque
2015 955 2020 962 '

201 1032 275 1089 ad
297 1031 548 1087 solennia
572 1033 688 1105 post
714 1032 990 1086 infantem
1014 1041 1212 1085 natum
1237 1031 1589 1098 instituenda,
1625 1042 1679 1085 et
1709 1031 1748 1084 fi
1772 1052 1936 1086 acce-
1962 1088 1970 1093 ,

203 1117 704 1184 dat,ve1be11bus
733 1119 1075 1191 quicumque
1101 1115 1383 1172 voluerit
1366 1135 1603 1194 impune
1626 1136 1757 1170 eum
1780 1118 1934 1173 casti-

199 1212 352 1275 gato,
404 1203 598 1257 eadem
629 1203 799 1258 etiam
827 1203 897 1256 de
923 1203 1164 1256 muliere
1185 1204 1347 1256 sunto
1369 1202 1491 1274 lege
1521 1202 1755 1260 sancita:
1828 1223 1933 1258 ex-

200 1307 335 1362 pers
364 1290 426 1342 fit
448 1289 633 1343 honor
637 1308 734 1343 um
760 1289 1158 1355 muliebrium,
1194 1306 1300 1342 nec
1325 1288 1490 1342 liceat
1512 1289 1563 1340 ei
1588 1288 1745 1341 exire
1764 1288 1935 1340 itare-

201 1393 313 1446 que
343 1375 413 1429 ad
447 1376 666 1447 nuptias
704 1384 757 1427 et
791 1374 1036 1427 solennia
1073 1373 1308 1450 infantis
1335 1371 1450 1425 nati
1478 1376 1637 1427 causa
1661 1372 1932 1428 celebrari

198 1460 388 1527 solita,
425 1462 492 1527 fi,
540 1460 688 1531 quod
713 1477 825 1511 non
849 1459 1047 1512 ordine
1068 1458 1292 1524 fecerit,
1337 1459 1398 1511 in
1438 1458 1651 1513 tabulas
1688 1459 1932 1530 publicas

197 1545 376 1598 relata
394 1542 564 1598 fuerit
582 1561 692 1606 nep
717 1544 939 1596 causam
968 1544 1291 1598 obtinuerit.
1326 1547 1362 1596 fi
1382 1543 1521 1614 quie,
1560 1545 1841 1617 postquam
1857 1563 1931 1598 ex

156 1656 160 1661 ·
196 1626 412 1698 legibus
445 1628 650 1680 liberos
690 1638 1088 1697 procr'ealunt,
1149 1649 1278 1682 cum
1322 1626 1504 1682 aliena
1537 1629 1774 1682 muliere
1806 1649 1929 1684 rem

195 1711 369 1766 habet
393 1711 487 1764 vel
527 1711 735 1764 mulier
767 1728 894 1764 cum
918 1711 1070 1779 vir0,
1135 1713 1327 1782 eisque
1349 1713 1550 1767 liberos
1590 1714 1772 1768 adhuc
1792 1735 1933 1805 pro-

198 1815 261 1850 ci
266 1794 545 1857 cantibuS,
586 1796 779 1849 eadem
809 1815 990 1868 poena
1014 1798 1320 1852 mulctator
1343 1814 1483 1869 qua,
1538 1809 1602 1851 ut
1626 1800 1838 1855 (lictum
1846 1772 1931 1856 est

181 1880 241 1935 ·ii
280 1882 378 1953 qui
416 1881 600 1935 adhuc
639 1881 906 1953 gignunt;
959 1880 1067 1936 hoc
1106 1892 1294 1937 autem
1335 1893 1589 1956 tempore
1624 1888 1931 1957 praeterito

195 1975 543 2040 temperatus
573 1978 629 2021 et
654 1968 966 2039 temperata
992 1968 1074 2020 his
1093 1968 1354 2022 omnibus
1374 1968 1772 2039 dignabuntur,
1833 1973 1933 2044 qui

195 2060 337 2107 vero
371 2063 567 2108 contra
589 2055 646 2106 se
666 2054 863 2120 habet,
941 2053 1218 2107 contrario
1241 2053 1410 2107 modo
1438 2053 1773 2122 censebitur,
1841 2059 1933 2112 vel

194 2138 383 2213 potius
411 2140 564 2193 nullo
591 2139 805 2192 honore
828 2139 1027 2209 dignus
1043 2139 1372 2196 censebitur.
1419 2151 1474 2192 et
1502 2139 1930 2214 modestefiplu-

195 2224 328 2279 rimi
349 2224 410 2278 in
436 2225 522 2278 his
547 2226 601 2276 se
622 2234 860 2296 gerunt,
896 2224 1111 2295 legibus
1133 2225 1299 2278 nullis
1323 2228 1610 2278 constituta
1631 2225 1840 2279 silentio
1862 2245 1928 2280 ea

195 2318 420 2382 praeter
425 2310 606 2363 cunda
623 2351 637 2376 ,
699 2312 774 2363 fin
814 2319 996 2361 autem
1025 2309 1380 2363 immoderati
1408 2311 1533 2362 sunt
1555 2310 1768 2381 legibus
1793 2313 1928 2365 san—

197 2394 310 2448 cita
341 2395 421 2449 ita
456 2396 773 2469 peragenda
803 2396 1108 2449 secundum
1145 2397 1289 2467 leges
1330 2404 1447 2447 tum
1483 2395 1725 2467 scriptas.
1778 2396 1928 2450 vitae

197 2479 427 2534 initium
465 2481 753 2534 universae
779 2480 979 2549 cuique
1010 2462 1227 2552 primus
1253 2483 1324 2534 est
1346 2492 1551 2547 annue,
1600 2499 1767 2550 quem
1794 2500 1927 2571 per-

193 2564 359 2618 scribi
390 2575 606 2636 oportet
631 2564 689 2618 in
725 2565 934 2618 sacellis
957 2565 1203 2638 paternis
1234 2576 1293 2618 ut
1319 2567 1464 2619 vitae
1486 2563 1713 2619 initium
1750 2584 1924 2636 puero

196 2658 254 2701 et
276 2649 524 2720 puellae;
563 2650 956 2704 adscribendus
982 2670 1113 2704 vero
1136 2652 1192 2703 in
1217 2652 1339 2703 albo
1368 2651 1424 2703 in
1452 2660 1560 2704 tota
1582 2648 1926 2703 familiarum

199 2734 602 2787 communione
640 2736 942 2789 secundum
972 2755 1277 2789 numerum
1313 2734 1726 2805 magistratuum
1756 2746 1926 2808 prout.

196 2816 424 2885 singulis
447 2818 603 2871 annis
631 2811 1032 2889 11u111erantur3
1092 2842 1121 2874 e
1146 2821 1487 2876 familiarum
1511 2840 1640 2874 vero
1665 2839 1923 2874 commu—

195 2900 366 2954 nione
395 2902 492 2970 qui
520 2902 723 2957 vivunt
747 2925 922 2980 prope
955 2907 1298 2975 scribuntur,
1350 2907 1443 2976 qui
1470 2927 1499 2958 e
1528 2905 1639 2958 vita
1671 2905 1922 2958 disceffe-

193 2995 365 3052 runt,
413 2987 849 3059 exstinguuntor.
915 2993 1243 3067 nuptiarum
1286 3003 1474 3044 autem
1510 2991 1779 3045 terminus
1816 2991 1920 3043 esso

200 3069 398 3141 virgini
441 3071 667 3142 quidem
718 3074 787 3128 ab
828 3094 978 3129 anno
1019 3080 1169 3130 sexto
1215 3077 1430 3130 decimo
1475 3076 1544 3128 ad
1580 3077 1918 3141 vicesimum,

196 3156 404 3227 quippe
437 3159 583 3228 quod
611 3156 980 3230 longissimum
1014 3165 1322 3234 fittetnpus
1347 3159 1668 3227 definitum,
1726 3158 1920 3212 iuveni

194 3256 329 3292 vero
356 3259 388 3293 a
414 3242 685 3297 tricefimo
709 3245 775 3298 ad
803 3245 1060 3315 quintum
1091 3248 1455 3312 tricesimum3
1493 3246 1559 3298 ad
1580 3245 1918 3316 magistratus

193 3323 419 3379 mulieri
456 3329 818 3399 quadraginta
853 3330 909 3385 et
947 3330 1066 3385 viro
1103 3331 1326 3402 triginta
1359 3332 1490 3385 anni
1504 3347 1521 3390 3
1592 3329 1663 3382 ad
1709 3327 1914 3381 bellum
