2176 3672
786 189 1304 247 Lsscsssit
1849 195 1918 265 φ

190 338 641 414 φιὶνοὶιιρῑειῐειιι
659 352 844 407 neque
854 332 1252 399 convenienter
1269 350 1452 404 neque
1465 341 1619 388 recte
1631 333 1921 388 exhibitu-

189 423 236 480 ri
251 425 348 478 fint
362 420 768 495 spectatoribus
786 441 802 488 3
827 419 1026 475 licebat
1038 419 1192 474 enim
1208 418 1317 474 hoc
1334 418 1519 473 facere
1531 436 1604 471 ex
1617 418 1848 489 antiqua
1863 430 1921 473 et

188 508 405 568 Graeca
438 507 587 577 lege,
633 524 806 579 quae,
852 524 1027 579 quum
1060 505 1199 558 ficut
1223 503 1413 560 Sicula
1439 514 1497 558 et
1531 504 1725 560 Italica
1744 523 1922 573 nunc,

185 593 538 660 multitudini
565 594 943 664 spectatorum
966 589 1240 646 iudicium
1259 600 1267 604 ·
1283 587 1607 662 permififfet
1634 592 1921 668 palmam-

176 698 296 753 que
321 698 428 754 per
463 675 732 750 suffragia
767 676 1069 754 decernere
1104 675 1391 748 coepisset,
1439 674 1694 750 corrupit
1722 675 1923 754 poetas

175 764 331 837 ipsos
372 762 470 834 (ad
508 762 764 818 iudicum
801 760 954 818 enim
992 761 1347 835 voluptatem
1380 760 1636 816 carmina
1667 761 1924 826 condunt

184 867 329 923 quae
367 867 548 925 prava
588 851 690 912 est,
729 850 807 903 ita
843 857 908 904 ut
943 850 1041 923 ipfi
1062 848 1115 899 se
1136 848 1470 920 spectatoies
1495 846 1858 923 instituant),
1856 855 1924 904 et

183 934 438 1011 corrupit
474 953 708 1017 quoque
732 934 899 1010 ipsius
934 931 1139 987 theatri
1166 931 1514 1003 voluptates;
1556 948 1735 1000 quum
1756 932 1922 1002 enim

182 1040 279 1076 eos
315 1029 603 1095 oporteret
627 1020 887 1088 meliores
912 1020 1141 1093 semper
1169 1033 1353 1070 mores
1383 1032 1552 1086 quam
1581 1014 1683 1088 ipsi
1706 1006 1923 1073 habent

183 1105 557 1182 percipientes
592 1106 825 1161 meliore
853 1104 1137 1176 voluptate
1160 1100 1308 1167 frui,
1350 1118 1504 1155 nunc
1529 1101 1630 1156 sua
1651 1100 1782 1176 ipfis
1795 1105 1923 1161 cul-

184 1211 256 1264 pa
278 1191 628 1246 contrarium
654 1188 935 1261 contingit.
972 1188 1085 1241 iam
1110 1176 1248 1257 quid
1274 1185 1502 1240 tandem
1520 1199 1584 1241 ea
1603 1206 1750 1261 quae
1764 1208 1922 1249 nunc

184 1278 439 1332 oratione
481 1275 803 1350 persequuti
852 1275 1044 1329 [umus
1086 1270 1391 1345 significare
1434 1273 1685 1329 volunt?
1732 1275 1922 1332 videte

179 1380 253 1416 an
273 1362 395 1417 hoc.

321 1490 404 1545 Gt.
442 1490 733 1565 Quidnam
753 1489 892 1546 istud
906 1488 934 1544 ⁴?

321 1618 463 1675 Ath.
499 1619 739 1678 Videtur
761 1618 901 1674 mihi
931 1617 1162 1674 tertium
1190 1617 1278 1672 vel
1314 1627 1581 1691 quartum
1610 1619 1788 1674 oratio
1818 1639 1921 1675 eo-

183 1705 311 1760 dem
335 1706 660 1761 circumlata
675 1706 869 1763 redire
890 1714 957 1758 ut
981 1702 1263 1774 significet,
1281 1704 1627 1778 disciplinam
1654 1710 1764 1760 effe
1781 1724 1918 1780 pue-

128 1854 151 1860 Η
179 1792 378 1846 rorum
398 1788 652 1846 ductum
694 1801 749 1845 et
780 1790 1182 1845 institutionem
1219 1790 1286 1844 ad
1320 1792 1603 1859 lationem
1638 1801 1845 1846 rectam
1884 1811 1921 1846 a

123 1887 128 1892 ’
180 1868 304 1961 lege
326 1876 743 1951 praescriptam,
783 1895 953 1950 quam
976 1875 1403 1929 moderatissimi
1433 1871 1794 1950 maximeque
1819 1897 1918 1933 ae-

179 1957 298 2016 tate·
318 1963 567 2046 provecti
595 1961 945 2034 experientia
979 1961 1157 2015 edocti
1184 1966 1383 2016 revera
1404 1965 1509 2015 effe
1535 1971 1749 2017 rectam
1775 1980 1920 2018 con-

183 2048 439 2106 sentiant.
477 2057 550 2101 ut
569 2046 741 2118 igitur
763 2047 988 2101 animus
1020 2045 1181 2119 pueri
1203 2064 1319 2099 non
1352 2047 1651 2101 contrariis
1670 2047 1919 2119 gaudere

182 2143 239 2186 et
272 2131 460 2186 dolere
482 2133 1038 2204 assuescatatquelex
1063 2131 1284 2203 legique
1315 2132 1769 2206 obtemperantes
1793 2136 1918 2189 sua-

181 2218 366 2280 deant,
405 2218 497 2271 sed
533 2217 872 2290 obsequatur
896 2218 1150 2294 ‘gaudens
1186 2237 1250 2270 ac
1286 2218 1474 2272 dolens
1501 2218 1678 2274 isdem
1710 2219 1917 2291 quibus

177 2303 366 2370 senex,
401 2302 548 2356 hanc
574 2302 645 2355 ob
670 2291 910 2372 causam,
949 2321 1092 2374 quae
1116 2303 1371 2356 carmina
1395 2322 1683 2372 vocamus,
1713 2324 1918 2360 revera

177 2386 316 2442 haec
349 2407 501 2442 nunc
538 2392 642 2443 effe
678 2388 963 2444 cantiones
993 2388 1213 2443 animos
1243 2387 1601 2455 definientes,
1639 2389 1711 2444 ad
1740 2392 1915 2447 talem

177 2492 348 2544 quam
375 2475 612 2528 dicimus
641 2477 1049 2529 consensionem
1074 2476 1215 2529 serio
1240 2476 1588 2548 compositas,
1612 2484 1917 2549 propterea

178 2569 365 2614 autem
392 2560 539 2632 quod
565 2562 705 2615 seria
732 2556 910 2615 studia
944 2561 1092 2616 serre
1117 2580 1231 2615 non
1259 2563 1462 2635 possint
1488 2563 1761 2616 iuvenum
1786 2562 1917 2616 ani-

179 2643 287 2707 mi,
339 2646 487 2700 lusus
527 2656 583 2700 et
616 2646 918 2701 cantilenas
945 2647 1137 2701 vocari
1166 2648 1418 2719 taie‘sque
1440 2648 1671 2720 peragig,
1710 2667 1917 2721 quem-

178 2727 486 2786 admodum
514 2733 662 2787 enim
686 2734 1104 2805 aegrotantibus
1131 2734 1499 2806 corporisque
1531 2731 1914 2787 imbecillitate

178 2815 387 2871 affectis
411 2836 515 2890 per
533 2820 812 2874 iucundos
835 2818 1105 2892 quosdam
1127 2818 1279 2874 cibos
1306 2830 1362 2873 et
1383 2830 1546 2892 potus
1571 2817 1792 2872 salubre
1807 2839 1913 2872 co·-

181 2910 392 2955 nantur
417 2903 749 2961 alimentum
783 2905 1058 2979 praebere
1081 2904 1116 2958 ii
1132 2906 1223 2977 qui
1248 2907 1525 2960 curandos
1543 2921 1633 2957 eos
1660 2906 1912 2976 suscepe-

182 2995 336 3054 runt,
359 3043 361 3045 *
372 2988 742 3060 perniciosum
773 3010 912 3045 vero
932 3009 1035 3064 per
1059 2989 1408 3053 iniucundus,
1448 3000 1511 3043 ut
1536 2990 1674 3043 illud
1701 2989 1912 3063 ample·

183 3079 422 3137 etantur,
449 3070 609 3128 huius
632 3086 820 3130 autem
847 3077 1039 3131 odium
1064 3076 1275 3132 habere
1302 3085 1453 3131 recte
1475 3076 1804 3139 assuescant,
1828 3074 1910 3130 ita

182 3154 351 3210 etiam
378 3156 573 3228 poetae
602 3176 767 3212 verus
792 3158 927 3234 legia
954 3164 1101 3218 lator
1128 3162 1379 3236 pulchris
1414 3159 1594 3214 verbis
1630 3158 1909 3229 laudibus·

180 3260 287 3314 que
310 3241 662 3316 persuadebit
685 3254 737 3296 et
761 3246 799 3297 si
829 3265 938 3300 non
970 3247 1297 3321 persuaserit
1321 3264 1449 3304 eum
1476 3255 1647 3318 coget,
1675 3254 1736 3299 ut
1759 3257 1909 3299 tem-
