2132 3652
795 243 1174 302 LE'GES
1248 248 1315 302 V.
1787 253 1921 310 503

197 394 536 451 contendere
562 399 625 446 ut
649 376 895 444 maxima
924 388 993 441 fit
1027 386 1165 442 urbs
1185 386 1274 441 cui
1306 386 1450 441 bene
1474 392 1760 448 consulere
1786 396 1923 451 velit

179 484 253 535 'et
283 495 454 551 quam
493 473 945 542 maxime‘dive3‚
984 482 1040 527 et
1072 492 1276 528 aurum
1311 484 1726 547 argentumque
1752 481 1922 548 porfi-

194 564 345 621 dens'
365 574 522 619 terra
554 573 609 616 et
641 559 783 615 mari
818 576 989 631 quam
1025 558 1281 630 plurimis
1312 558 1586 632 imperet}
1622 562 1923 618 adiecerint

191 669 331 706 vero
357 649 435 704 illi
465 658 617 702 recte
643 647 793 717 leges
817 644 1043 698 dantem
1068 655 1330 716 oportere
1359 645 1528 700 etiam
1551 645 1660 700 hoc
1686 658 1924 703 conten-

192 736 325 791 dere
357 746 422 790 ut
457 753 629 807 quam
679 730 894 804 optima
939 731 1001 782 fit
1046 729 1238 782 civitas
1280 740 1336 784 et
1380 749 1550 802 quam
1603 730 1925 787 beatisfima.
1999 782 2003 787 .

101 880 110 890 ,
194 817 439 893 quorum
464 818 691 892 quidem
715 817 823 871 alia
841 813 965 868 fieri
993 820 1230 888 possunt,
1253 816 1362 869 alia
1384 835 1517 870 vero
1539 834 1652 869 non
1675 821 1924 888 poffunt3

194 918 250 962 et
281 926 423 981 quae
457 904 579 960 fieri
617 907 859 977 possunt,
898 918 965 954 ea
1003 901 1154 955 volet
1187 901 1237 955 is
1273 901 1372 973 qui
1412 920 1535 955 rem
1582 900 1823 971 ordinat,
1857 905 1928 958 de

189 994 260 1048 iis
287 1011 425 1047 vero
453 1009 595 1063 quae
627 1008 740 1042 non
767 990 990 1061 possunt
1009 986 1152 1050 fieri,
1188 1004 1371 1058 neque
1403 986 1628 1043 inanem
1653 989 1926 1043 volunta-

193 1089 306 1132 tem
339 1077 599 1150 suscipiet
637 1091 817 1144 neque
853 1068 1221 1143 aggredietur.
1259 1073 1390 1127 sane
1416 1072 1565 1127 enim
1595 1071 1738 1125 beati
1762 1075 1923 1129 fimul

193 1175 251 1218 et
278 1164 410 1217 boni
432 1166 531 1216 smt
556 1160 707 1212 cives
727 1162 939 1211 necesse
962 1159 1063 1227 est3
1105 1158 1159 1211 id
1186 1158 1354 1229 igitur
1378 1159 1529 1212 volet
1546 1147 1571 1227 ζ’
1595 1158 1702 1211 hoc
1728 1169 1921 1215 autem

191 1261 259 1304 ut
283 1248 588 1303 admodum
627 1244 828 1299 divites
861 1243 967 1296 fint
1005 1254 1176 1314 atque
1214 1245 1341 1296 boni
1369 1243 1494 1297 fieri
1529 1245 1746 1315 nequit,
1785 1263 1926 1316 quos

193 1336 421 1407 quidem
447 1333 646 1386 divites
670 1328 973 1381 multitudo
1010 1341 1201 1395 vocat3
1244 1339 1402 1381 vocat
1437 1347 1571 1382 vero
1605 1330 1804 1383 divites
1828 1350 1922 1383 eos

191 1421 373 1492 quiin
400 1417 591 1492 paucis
630 1413 954 1467 hominibus
992 1432 1124 1484 opes
1165 1414 1430 1486 possident
1456 1414 1703 1487 plurimo
1744 1435 1922 1469 numo

190 1504 566 1567 aeffimamkm,
603 1518 738 1570 quas
760 1499 930 1550 etiam
955 1499 1244 1569 improbus
1267 1499 1466 1569 aliquis
1493 1499 1769 1573 possidere
1793 1501 1943 1574 poll,

192 1594 273 1648 fit.
311 1607 455 1660 quae
494 1584 723 1655 quidem
764 1585 802 1636 fi
836 1581 912 1636 ita
952 1582 1006 1634 se
1043 1581 1266 1652 habent,
1306 1584 1567 1656 equidem
1596 1603 1924 1656 numquam

189 1677 243 1730 ei
274 1672 625 1729 concesserim
660 1669 894 1722 divitem
932 1687 1133 1720 revera
1168 1668 1397 1724 beatum
1436 1674 1560 1732 esse,
1603 1671 1701 1723 nisi
1749 1673 1922 1726 etiam

114 1764 121 1770 ⁴
186 1764 370 1816 bonus
402 1761 488 1823 fit3
537 1756 715 1807 bonus
757 1763 945 1806 autem
983 1754 1022 1805 fi
1058 1753 1268 1807 eximie
1305 1758 1404 1822 est,
1455 1748 1805 1827 fieri‘nequit
1856 1767 1922 1810 ut

188 1849 357 1902 etiam
380 1843 536 1894 dives
564 1842 626 1894 sit
655 1839 878 1898 eximie,
918 1856 1018 1889 cur
1050 1839 1315 1892 tandem?
1353 1842 1678 1910 quaesiverit
1698 1842 1922 1897 fortasse

187 1929 484 2005 quispiam.
523 1926 684 1996 quia,
726 1922 1068 1986 dixerimus,
1105 1942 1277 1995 opum
1320 1919 1663 1997 comparatio
1697 1927 1833 1981 iusta
1864 1938 1921 1983 et

185 2017 384 2073 iniusta
405 2012 531 2085 plus
556 2029 726 2083 quam
757 2010 928 2080 duplo
953 2027 1077 2060 eam
1114 2010 1338 2081 superat
1363 2029 1507 2080 quae
1530 2009 1666 2065 iusta
1695 2022 1919 2068 tantum

188 2105 292 2167 est,
353 2109 411 2152 et
450 2096 730 2168 impensae
771 2112 908 2165 quas
946 2112 1130 2164 neque
1168 2095 1405 2166 pulchre
1451 2101 1632 2167 neque
1673 2099 1921 2171 turpiter

185 2181 423 2243 facimus
450 2182 620 2253 duplo
645 2180 886 2232 minores
915 2180 1044 2232 sunt
1070 2179 1145 2232 eis
1173 2200 1313 2250 quae
1336 2182 1603 2252 pulchrae
1630 2181 1835 2245 suntet
1858 2185 1919 2238 in

186 2293 278 2329 res
305 2272 567 2344 pulchras
600 2265 761 2319 fiunt.
800 2283 1112 2334 numquam
1148 2264 1316 2335 igitur
1359 2264 1444 2319 his
1470 2266 1564 2338 qui
1593 2266 1762 2340 duplo
1791 2271 1919 2342 plus

188 2358 492 2430 acquirunt
517 2363 573 2406 et
587 2351 815 2406 dimidio
832 2350 1019 2404 minus
1044 2350 1374 2420 impendunt
1397 2352 1438 2403 is
1463 2352 1555 2422 qui
1573 2355 1920 2417 contrarium

185 2445 325 2500 facit
359 2441 464 2495 erit
497 2438 738 2491 divitior.
791 2439 865 2489 est
899 2439 1083 2489 autem
1126 2438 1265 2490 alten
1302 2437 1508 2490 horum
1544 2437 1741 2504 bonus,
1776 2440 1921 2492 alter

185 2551 302 2586 non
342 2529 551 2589 maluti,
602 2526 636 2577 fi
675 2539 877 2596 parcus
926 2522 1029 2587 est3
1083 2539 1514 2592 nonnumquam
1568 2541 1702 2575 vero
1746 2524 1919 2579 etiam.

188 2615 414 2689 prorsus
452 2609 775 2681 improbus,
826 2616 881 2658 at
922 2605 1130 2669 bonne,
1182 2606 1331 2675 quod
1373 2608 1541 2660 modo
1577 2608 1792 2664 dictum
1827 2613 1915 2675 est,

188 2710 527 2768 numquam3
567 2691 774 2747 etenim
795 2691 888 2762 qui
910 2700 966 2742 et
987 2689 1119 2743 iuste
1143 2700 1196 2743 et
1215 2692 1410 2747 iniuste
1430 2692 1630 2766 accipit
1653 2704 1709 2747 et
1737 2714 1918 2765 neque

189 2784 322 2837 iuste
348 2800 527 2851 neque
551 2780 748 2834 iniuste
778 2777 1054 2848 impendit
1089 2777 1248 2829 dives
1275 2779 1365 2838 est.
1407 2780 1439 2830 fi
1474 2779 1643 2832 etiam
1682 2798 1916 2851 parcum

192 2868 248 2919 se
277 2865 524 2929 exhibet,
560 2865 786 2934 prorsus
810 2872 999 2915 autem
1027 2862 1332 2934 improbuS,
1371 2865 1468 2935 qui
1500 2865 1834 2935 plerumque
1848 2865 1917 2916 fi-

193 2951 316 3004 mul
347 2947 625 3020 prodigam,
661 2948 965 3003 admodum
1001 2949 1075 3001 est
1109 2967 1350 3021 pauper3
1389 2949 1486 3018 qui
1528 2947 1742 3001 veroin
1779 2949 1918 3020 pul-

192 3036 327 3091 chra
355 3033 627 3105 impensas
651 3032 783 3086 facit
807 3043 862 3086 et
882 3034 1020 3087 iusto
1047 3043 1265 3088 tantum
1291 3032 1460 3086 modo
1483 3050 1614 3104 opes
1635 3032 1728 3085 fibi
1753 3050 1916 3084 com-

189 3129 367 3194 parat,
403 3117 449 3169 is
484 3135 667 3187 neque
694 3116 914 3170 divitiis
952 3117 1115 3172 facile
1160 3136 1431 3189 umquam
1470 3116 1706 3169 excellet
1730 3134 1915 3186 nequo

137 3202 145 3207 ”
190 3202 494 3259 admodum
533 3219 749 3274 pauper
785 3200 926 3253 erit:
964 3211 1027 3253 ut
1056 3213 1204 3257 recta
1240 3207 1298 3257 fit
1331 3201 1513 3254 oratio
1549 3201 1761 3265 nostra,
1798 3219 1911 3252 non

102 3305 115 3323 ⁰
191 3294 295 3344 esse
328 3306 420 3341 eos
455 3287 551 3356 qui
586 3287 814 3359 prorsus
853 3284 1053 3340 divites
1084 3290 1189 3342 sint
1228 3289 1434 3353 boum,
1483 3295 1541 3339 et
1582 3286 1622 3339 fi
1659 3304 1774 3338 non
1810 3285 1911 3337 fint

54 3429 65 3437 ,
100 3411 102 3414 v
190 3375 352 3440 boni,
391 3390 492 3426 nec
527 3370 717 3426 beatos
755 3373 872 3425 esse.
923 3371 1082 3429 nobie
1117 3382 1307 3428 autem
1346 3371 1534 3441 legum
1567 3370 1908 3443 propofitum
