<?xml version="1.0" encoding="UTF-8"?>
<!DOCTYPE html PUBLIC "-//W3C//DTD XHTML 1.0 Transitional//EN"
    "http://www.w3.org/TR/xhtml1/DTD/xhtml1-transitional.dtd">
<html xmlns="http://www.w3.org/1999/xhtml" xml:lang="en" lang="en">
 <head>
  <title>
</title>
<meta http-equiv="Content-Type" content="text/html;charset=utf-8" />
  <meta name='ocr-system' content='tesseract 3.04.00' />
  <meta name='ocr-capabilities' content='ocr_page ocr_carea ocr_par ocr_line ocrx_word'/>
</head>
<body>
  <div class='ocr_page' id='page_1' title='image "./quaeexstantopera06plat_0289.png"; bbox 0 0 2132 3652; ppageno 0'>
   <div class='ocr_carea' id='block_1_1' title="bbox 797 189 1921 250">
    <p class='ocr_par' dir='ltr' id='par_1_1' title="bbox 797 189 1921 250">
     <span class='ocr_line' id='line_1_1' title="bbox 797 189 1921 250; baseline 0 -2"><span class='ocrx_word' id='word_1_1' title='bbox 797 189 1320 250; x_wconf 80' lang='lat' dir='ltr'><strong>LEGESV.</strong></span> <span class='ocrx_word' id='word_1_2' title='bbox 1712 241 1734 250; x_wconf 73' lang='grc'><strong><em>,</em></strong></span> <span class='ocrx_word' id='word_1_3' title='bbox 1821 191 1921 248; x_wconf 71' lang='grc' dir='ltr'><strong>28ι</strong></span> 
     </span>
    </p>
   </div>
   <div class='ocr_carea' id='block_1_2' title="bbox 173 331 1973 1517">
    <p class='ocr_par' dir='ltr' id='par_1_2' title="bbox 180 331 1926 745">
     <span class='ocr_line' id='line_1_2' title="bbox 189 331 1922 408; baseline -0.002 -18"><span class='ocrx_word' id='word_1_4' title='bbox 189 334 534 408; x_wconf 64' lang='lat' dir='ltr'><strong>voluptatem</strong></span> <span class='ocrx_word' id='word_1_5' title='bbox 567 352 701 389; x_wconf 79' lang='lat' dir='ltr'><strong>vero</strong></span> <span class='ocrx_word' id='word_1_6' title='bbox 726 333 1008 389; x_wconf 85' lang='lat' dir='ltr'><strong>minorem</strong></span> <span class='ocrx_word' id='word_1_7' title='bbox 1037 351 1166 388; x_wconf 89' lang='lat' dir='ltr'><strong>cum</strong></span> <span class='ocrx_word' id='word_1_8' title='bbox 1194 331 1619 389; x_wconf 16' lang='lat' dir='ltr'><strong>maioressdolore</strong></span> <span class='ocrx_word' id='word_1_9' title='bbox 1649 336 1922 403; x_wconf 69' lang='lat' dir='ltr'><strong>nolumus,</strong></span> 
     </span>
     <span class='ocr_line' id='line_1_3' title="bbox 185 418 1926 492; baseline -0.002 -16"><span class='ocrx_word' id='word_1_10' title='bbox 185 418 440 492; x_wconf 76' lang='lat' dir='ltr'><strong>aequalia</strong></span> <span class='ocrx_word' id='word_1_11' title='bbox 478 431 668 476; x_wconf 85' lang='lat' dir='ltr'><strong>autem</strong></span> <span class='ocrx_word' id='word_1_12' title='bbox 702 421 840 475; x_wconf 83' lang='lat' dir='ltr'><strong>haec</strong></span> <span class='ocrx_word' id='word_1_13' title='bbox 863 428 1104 490; x_wconf 83' lang='lat' dir='ltr'><strong>utraque</strong></span> <span class='ocrx_word' id='word_1_14' title='bbox 1127 438 1235 492; x_wconf 80' lang='lat' dir='ltr'><strong>pro</strong></span> <span class='ocrx_word' id='word_1_15' title='bbox 1270 418 1594 489; x_wconf 78' lang='lat' dir='ltr'><strong>aequalibus</strong></span> <span class='ocrx_word' id='word_1_16' title='bbox 1630 440 1735 474; x_wconf 86' lang='lat' dir='ltr'><strong>nos</strong></span> <span class='ocrx_word' id='word_1_17' title='bbox 1775 422 1926 475; x_wconf 84' lang='lat' dir='ltr'><strong>velle</strong></span> 
     </span>
     <span class='ocr_line' id='line_1_4' title="bbox 183 503 1926 577; baseline -0.001 -18"><span class='ocrx_word' id='word_1_18' title='bbox 183 522 300 559; x_wconf 88' lang='lat' dir='ltr'><strong>non</strong></span> <span class='ocrx_word' id='word_1_19' title='bbox 311 504 615 577; x_wconf 76' lang='lat' dir='ltr'><strong>poterimus</strong></span> <span class='ocrx_word' id='word_1_20' title='bbox 630 507 940 565; x_wconf 66' lang='lat' dir='ltr'><strong>declat-arez</strong></span> <span class='ocrx_word' id='word_1_21' title='bbox 969 505 1110 559; x_wconf 86' lang='lat' dir='ltr'><strong>haee</strong></span> <span class='ocrx_word' id='word_1_22' title='bbox 1127 522 1262 558; x_wconf 86' lang='lat' dir='ltr'><strong>vero</strong></span> <span class='ocrx_word' id='word_1_23' title='bbox 1290 503 1479 559; x_wconf 87' lang='lat' dir='ltr'><strong>omnia</strong></span> <span class='ocrx_word' id='word_1_24' title='bbox 1491 505 1858 560; x_wconf 74' lang='lat' dir='ltr'><strong>multitudine</strong></span> <span class='ocrx_word' id='word_1_25' title='bbox 1871 515 1926 558; x_wconf 91' lang='lat' dir='ltr'><strong>et</strong></span> 
     </span>
     <span class='ocr_line' id='line_1_5' title="bbox 181 573 1926 674; baseline -0.001 -31"><span class='ocrx_word' id='word_1_26' title='bbox 181 589 573 661; x_wconf 75' lang='lat' dir='ltr'><strong>magnitudine</strong></span> <span class='ocrx_word' id='word_1_27' title='bbox 625 602 682 647; x_wconf 90' lang='lat' dir='ltr'><strong>et</strong></span> <span class='ocrx_word' id='word_1_28' title='bbox 709 591 1063 647; x_wconf 72' lang='lat' dir='ltr'><strong>vehementia</strong></span> <span class='ocrx_word' id='word_1_29' title='bbox 1097 599 1152 643; x_wconf 87' lang='lat' dir='ltr'><strong>et</strong></span> <span class='ocrx_word' id='word_1_30' title='bbox 1182 585 1518 664; x_wconf 78' lang='lat' dir='ltr'><strong>aequalitate</strong></span> <span class='ocrx_word' id='word_1_31' title='bbox 1557 573 1926 674; x_wconf 72' lang='lat' dir='ltr'><strong>omnihusque</strong></span> 
     </span>
     <span class='ocr_line' id='line_1_6' title="bbox 180 674 1925 745; baseline 0.001 -19"><span class='ocrx_word' id='word_1_32' title='bbox 180 690 326 745; x_wconf 87' lang='lat' dir='ltr'><strong>quae</strong></span> <span class='ocrx_word' id='word_1_33' title='bbox 338 674 817 732; x_wconf 75' lang='lat' dir='ltr'><strong>harumcontiaria</strong></span> <span class='ocrx_word' id='word_1_34' title='bbox 829 677 1035 731; x_wconf 85' lang='lat' dir='ltr'><strong>suntad</strong></span> <span class='ocrx_word' id='word_1_35' title='bbox 1054 677 1402 731; x_wconf 87' lang='lat' dir='ltr'><strong>voluntatem</strong></span> <span class='ocrx_word' id='word_1_36' title='bbox 1414 676 1651 730; x_wconf 87' lang='lat' dir='ltr'><strong>nostram</strong></span> <span class='ocrx_word' id='word_1_37' title='bbox 1667 677 1754 731; x_wconf 86' lang='lat' dir='ltr'><strong>vel</strong></span> <span class='ocrx_word' id='word_1_38' title='bbox 1770 674 1925 731; x_wconf 78' lang='lat' dir='ltr'><strong>diffe-</strong></span> 
     </span>
    </p>

    <p class='ocr_par' dir='ltr' id='par_1_3' title="bbox 173 761 1973 1517">
     <span class='ocr_line' id='line_1_7' title="bbox 178 761 1925 836; baseline 0.001 -23"><span class='ocrx_word' id='word_1_39' title='bbox 178 768 319 813; x_wconf 88' lang='lat' dir='ltr'><strong>runt</strong></span> <span class='ocrx_word' id='word_1_40' title='bbox 331 762 423 815; x_wconf 79' lang='lat' dir='ltr'><strong>vel</strong></span> <span class='ocrx_word' id='word_1_41' title='bbox 435 781 547 815; x_wconf 88' lang='lat' dir='ltr'><strong>nou</strong></span> <span class='ocrx_word' id='word_1_42' title='bbox 564 762 848 817; x_wconf 81' lang='lat' dir='ltr'><strong>differunt.</strong></span> <span class='ocrx_word' id='word_1_43' title='bbox 856 779 1000 834; x_wconf 86' lang='lat' dir='ltr'><strong>quae</strong></span> <span class='ocrx_word' id='word_1_44' title='bbox 1013 761 1237 833; x_wconf 89' lang='lat' dir='ltr'><strong>quidem</strong></span> <span class='ocrx_word' id='word_1_45' title='bbox 1253 779 1426 834; x_wconf 90' lang='lat' dir='ltr'><strong>quum</strong></span> <span class='ocrx_word' id='word_1_46' title='bbox 1451 763 1530 814; x_wconf 87' lang='lat' dir='ltr'><strong>ita</strong></span> <span class='ocrx_word' id='word_1_47' title='bbox 1545 761 1613 814; x_wconf 87' lang='lat' dir='ltr'><strong>ad</strong></span> <span class='ocrx_word' id='word_1_48' title='bbox 1631 761 1925 836; x_wconf 81' lang='lat' dir='ltr'><strong>optionem</strong></span> 
     </span>
     <span class='ocr_line' id='line_1_8' title="bbox 178 844 1925 917; baseline 0.002 -21"><span class='ocrx_word' id='word_1_49' title='bbox 178 845 421 900; x_wconf 86' lang='lat' dir='ltr'><strong>nostram</strong></span> <span class='ocrx_word' id='word_1_50' title='bbox 457 849 754 902; x_wconf 82' lang='lat' dir='ltr'><strong>necessario</strong></span> <span class='ocrx_word' id='word_1_51' title='bbox 781 847 1068 903; x_wconf 87' lang='lat' dir='ltr'><strong>constituta</strong></span> <span class='ocrx_word' id='word_1_52' title='bbox 1090 848 1210 913; x_wconf 87' lang='lat' dir='ltr'><strong>fint,</strong></span> <span class='ocrx_word' id='word_1_53' title='bbox 1237 846 1412 902; x_wconf 87' lang='lat' dir='ltr'><strong>vitam</strong></span> <span class='ocrx_word' id='word_1_54' title='bbox 1447 844 1694 916; x_wconf 88' lang='lat' dir='ltr'><strong>quidem,</strong></span> <span class='ocrx_word' id='word_1_55' title='bbox 1723 846 1781 899; x_wconf 88' lang='lat' dir='ltr'><strong>in</strong></span> <span class='ocrx_word' id='word_1_56' title='bbox 1810 863 1925 917; x_wconf 89' lang='lat' dir='ltr'><strong>qua</strong></span> 
     </span>
     <span class='ocr_line' id='line_1_9' title="bbox 176 926 1973 1015; baseline 0.002 -34"><span class='ocrx_word' id='word_1_57' title='bbox 176 926 371 983; x_wconf 86' lang='lat' dir='ltr'><strong>insunt</strong></span> <span class='ocrx_word' id='word_1_58' title='bbox 393 934 570 987; x_wconf 90' lang='lat' dir='ltr'><strong>multa</strong></span> <span class='ocrx_word' id='word_1_59' title='bbox 592 943 828 1005; x_wconf 88' lang='lat' dir='ltr'><strong>utraque</strong></span> <span class='ocrx_word' id='word_1_60' title='bbox 854 942 907 986; x_wconf 90' lang='lat' dir='ltr'><strong>et</strong></span> <span class='ocrx_word' id='word_1_61' title='bbox 931 949 1136 1004; x_wconf 85' lang='lat' dir='ltr'><strong>magna</strong></span> <span class='ocrx_word' id='word_1_62' title='bbox 1165 939 1222 984; x_wconf 88' lang='lat' dir='ltr'><strong>et</strong></span> <span class='ocrx_word' id='word_1_63' title='bbox 1250 931 1629 1015; x_wconf 51' lang='lat' dir='ltr'><strong>vehementia,</strong></span> <span class='ocrx_word' id='word_1_64' title='bbox 1659 932 1925 1003; x_wconf 84' lang='lat' dir='ltr'><strong>superant</strong></span> <span class='ocrx_word' id='word_1_65' title='bbox 1971 935 1973 937; x_wconf 69' lang='grc'><strong><em>’</em></strong></span> 
     </span>
     <span class='ocr_line' id='line_1_10' title="bbox 177 1017 1920 1092; baseline 0.002 -25"><span class='ocrx_word' id='word_1_66' title='bbox 177 1032 317 1068; x_wconf 84' lang='lat' dir='ltr'><strong>vero</strong></span> <span class='ocrx_word' id='word_1_67' title='bbox 343 1018 670 1090; x_wconf 54' lang='lat' dir='ltr'><strong>voluptates»,</strong></span> <span class='ocrx_word' id='word_1_68' title='bbox 686 1028 962 1092; x_wconf 71' lang='lat' dir='ltr'><strong>optamu3‚</strong></span> <span class='ocrx_word' id='word_1_69' title='bbox 979 1036 1102 1071; x_wconf 88' lang='lat' dir='ltr'><strong>eam</strong></span> <span class='ocrx_word' id='word_1_70' title='bbox 1120 1017 1334 1071; x_wconf 84' lang='lat' dir='ltr'><strong>veroin</strong></span> <span class='ocrx_word' id='word_1_71' title='bbox 1349 1034 1460 1089; x_wconf 88' lang='lat' dir='ltr'><strong>qua</strong></span> <span class='ocrx_word' id='word_1_72' title='bbox 1473 1017 1771 1082; x_wconf 86' lang='lat' dir='ltr'><strong>contraria,</strong></span> <span class='ocrx_word' id='word_1_73' title='bbox 1800 1037 1920 1072; x_wconf 85' lang='lat' dir='ltr'><strong>non</strong></span> 
     </span>
     <span class='ocr_line' id='line_1_11' title="bbox 178 1102 1920 1175; baseline 0.002 -24"><span class='ocrx_word' id='word_1_74' title='bbox 178 1108 472 1171; x_wconf 84' lang='lat' dir='ltr'><strong>optamus3</strong></span> <span class='ocrx_word' id='word_1_75' title='bbox 497 1114 552 1156; x_wconf 87' lang='lat' dir='ltr'><strong>et</strong></span> <span class='ocrx_word' id='word_1_76' title='bbox 564 1113 759 1158; x_wconf 82' lang='lat' dir='ltr'><strong>eontra</strong></span> <span class='ocrx_word' id='word_1_77' title='bbox 784 1104 845 1158; x_wconf 89' lang='lat' dir='ltr'><strong>in</strong></span> <span class='ocrx_word' id='word_1_78' title='bbox 867 1123 977 1175; x_wconf 89' lang='lat' dir='ltr'><strong>qua</strong></span> <span class='ocrx_word' id='word_1_79' title='bbox 993 1122 1174 1175; x_wconf 89' lang='lat' dir='ltr'><strong>pauca</strong></span> <span class='ocrx_word' id='word_1_80' title='bbox 1187 1111 1433 1171; x_wconf 88' lang='lat' dir='ltr'><strong>utraque</strong></span> <span class='ocrx_word' id='word_1_81' title='bbox 1455 1110 1509 1153; x_wconf 88' lang='lat' dir='ltr'><strong>et</strong></span> <span class='ocrx_word' id='word_1_82' title='bbox 1521 1102 1721 1174; x_wconf 85' lang='lat' dir='ltr'><strong>exigua</strong></span> <span class='ocrx_word' id='word_1_83' title='bbox 1737 1112 1790 1154; x_wconf 91' lang='lat' dir='ltr'><strong>et</strong></span> <span class='ocrx_word' id='word_1_84' title='bbox 1805 1103 1920 1174; x_wconf 86' lang='lat' dir='ltr'><strong>pla-</strong></span> 
     </span>
     <span class='ocr_line' id='line_1_12' title="bbox 179 1183 1916 1260; baseline 0.002 -23"><span class='ocrx_word' id='word_1_85' title='bbox 179 1183 303 1237; x_wconf 84' lang='lat' dir='ltr'><strong>cida</strong></span> <span class='ocrx_word' id='word_1_86' title='bbox 317 1186 461 1256; x_wconf 81' lang='lat' dir='ltr'><strong>sunt,</strong></span> <span class='ocrx_word' id='word_1_87' title='bbox 476 1189 740 1260; x_wconf 89' lang='lat' dir='ltr'><strong>superant</strong></span> <span class='ocrx_word' id='word_1_88' title='bbox 750 1207 883 1242; x_wconf 86' lang='lat' dir='ltr'><strong>vero</strong></span> <span class='ocrx_word' id='word_1_89' title='bbox 905 1189 1123 1256; x_wconf 84' lang='lat' dir='ltr'><strong>acerba,</strong></span> <span class='ocrx_word' id='word_1_90' title='bbox 1149 1207 1261 1242; x_wconf 89' lang='lat' dir='ltr'><strong>non</strong></span> <span class='ocrx_word' id='word_1_91' title='bbox 1276 1196 1552 1259; x_wconf 70' lang='lat' dir='ltr'><strong>optamuS,</strong></span> <span class='ocrx_word' id='word_1_92' title='bbox 1577 1187 1636 1241; x_wconf 90' lang='lat' dir='ltr'><strong>in</strong></span> <span class='ocrx_word' id='word_1_93' title='bbox 1651 1206 1761 1258; x_wconf 88' lang='lat' dir='ltr'><strong>qua</strong></span> <span class='ocrx_word' id='word_1_94' title='bbox 1777 1207 1916 1241; x_wconf 82' lang='lat' dir='ltr'><strong>vero</strong></span> 
     </span>
     <span class='ocr_line' id='line_1_13' title="bbox 177 1270 1922 1347; baseline 0.001 -24"><span class='ocrx_word' id='word_1_95' title='bbox 177 1270 474 1334; x_wconf 80' lang='lat' dir='ltr'><strong>contraria,</strong></span> <span class='ocrx_word' id='word_1_96' title='bbox 489 1291 612 1327; x_wconf 88' lang='lat' dir='ltr'><strong>eam</strong></span> <span class='ocrx_word' id='word_1_97' title='bbox 639 1283 898 1347; x_wconf 82' lang='lat' dir='ltr'><strong>optamus</strong></span> <span class='ocrx_word' id='word_1_98' title='bbox 915 1294 932 1341; x_wconf 84' lang='lat'><em>3</em></span> <span class='ocrx_word' id='word_1_99' title='bbox 961 1292 1084 1327; x_wconf 86' lang='lat' dir='ltr'><strong>eam</strong></span> <span class='ocrx_word' id='word_1_100' title='bbox 1101 1284 1290 1327; x_wconf 87' lang='lat' dir='ltr'><strong>autem</strong></span> <span class='ocrx_word' id='word_1_101' title='bbox 1306 1271 1495 1339; x_wconf 82' lang='lat' dir='ltr'><strong>vitam,</strong></span> <span class='ocrx_word' id='word_1_102' title='bbox 1506 1271 1564 1324; x_wconf 91' lang='lat' dir='ltr'><strong>in</strong></span> <span class='ocrx_word' id='word_1_103' title='bbox 1581 1291 1692 1343; x_wconf 87' lang='lat' dir='ltr'><strong>qua</strong></span> <span class='ocrx_word' id='word_1_104' title='bbox 1705 1290 1922 1342; x_wconf 83' lang='lat' dir='ltr'><strong>aequa-</strong></span> 
     </span>
     <span class='ocr_line' id='line_1_14' title="bbox 174 1353 1917 1431; baseline 0.002 -24"><span class='ocrx_word' id='word_1_105' title='bbox 174 1353 249 1407; x_wconf 88' lang='lat' dir='ltr'><strong>lia</strong></span> <span class='ocrx_word' id='word_1_106' title='bbox 275 1354 417 1418; x_wconf 86' lang='lat' dir='ltr'><strong>runt,</strong></span> <span class='ocrx_word' id='word_1_107' title='bbox 455 1359 936 1429; x_wconf 86' lang='lat' dir='ltr'><strong>quemadmodum</strong></span> <span class='ocrx_word' id='word_1_108' title='bbox 965 1359 1025 1412; x_wconf 89' lang='lat' dir='ltr'><strong>in</strong></span> <span class='ocrx_word' id='word_1_109' title='bbox 1051 1356 1452 1431; x_wconf 85' lang='lat' dir='ltr'><strong>superioribus,</strong></span> <span class='ocrx_word' id='word_1_110' title='bbox 1489 1356 1720 1428; x_wconf 86' lang='lat' dir='ltr'><strong>cogitari</strong></span> <span class='ocrx_word' id='word_1_111' title='bbox 1743 1376 1917 1429; x_wconf 85' lang='lat' dir='ltr'><strong>opor-</strong></span> 
     </span>
     <span class='ocr_line' id='line_1_15' title="bbox 173 1442 1917 1517; baseline 0.003 -27"><span class='ocrx_word' id='word_1_112' title='bbox 173 1446 258 1492; x_wconf 86' lang='lat' dir='ltr'><strong>tet</strong></span> <span class='ocrx_word' id='word_1_113' title='bbox 294 1442 579 1511; x_wconf 87' lang='lat' dir='ltr'><strong>aequalem</strong></span> <span class='ocrx_word' id='word_1_114' title='bbox 621 1449 754 1511; x_wconf 84' lang='lat' dir='ltr'><strong>effe,</strong></span> <span class='ocrx_word' id='word_1_115' title='bbox 805 1443 1013 1516; x_wconf 87' lang='lat' dir='ltr'><strong>quippe</strong></span> <span class='ocrx_word' id='word_1_116' title='bbox 1053 1442 1445 1517; x_wconf 81' lang='lat' dir='ltr'><strong>appetentibus</strong></span> <span class='ocrx_word' id='word_1_117' title='bbox 1492 1442 1653 1497; x_wconf 90' lang='lat' dir='ltr'><strong>nobis</strong></span> <span class='ocrx_word' id='word_1_118' title='bbox 1690 1461 1814 1496; x_wconf 87' lang='lat' dir='ltr'><strong>eam</strong></span> <span class='ocrx_word' id='word_1_119' title='bbox 1855 1443 1917 1496; x_wconf 90' lang='lat' dir='ltr'><strong>in</strong></span> 
     </span>
    </p>
   </div>
   <div class='ocr_carea' id='block_1_3' title="bbox 84 1527 1913 1604">
    <p class='ocr_par' dir='ltr' id='par_1_4' title="bbox 84 1527 1913 1604">
     <span class='ocr_line' id='line_1_16' title="bbox 84 1527 1913 1604; baseline 0.002 -26"><span class='ocrx_word' id='word_1_120' title='bbox 84 1568 87 1572; x_wconf 91' lang='lat'>.</span> <span class='ocrx_word' id='word_1_121' title='bbox 173 1540 286 1594; x_wconf 87' lang='lat' dir='ltr'><strong>qua</strong></span> <span class='ocrx_word' id='word_1_122' title='bbox 316 1527 463 1598; x_wconf 88' lang='lat' dir='ltr'><strong>quod</strong></span> <span class='ocrx_word' id='word_1_123' title='bbox 489 1527 649 1582; x_wconf 88' lang='lat' dir='ltr'><strong>nobis</strong></span> <span class='ocrx_word' id='word_1_124' title='bbox 675 1548 868 1583; x_wconf 87' lang='lat' dir='ltr'><strong>carum</strong></span> <span class='ocrx_word' id='word_1_125' title='bbox 894 1540 947 1582; x_wconf 90' lang='lat' dir='ltr'><strong>et</strong></span> <span class='ocrx_word' id='word_1_126' title='bbox 971 1529 1218 1583; x_wconf 88' lang='lat' dir='ltr'><strong>amicum</strong></span> <span class='ocrx_word' id='word_1_127' title='bbox 1242 1531 1314 1583; x_wconf 92' lang='lat' dir='ltr'><strong>est</strong></span> <span class='ocrx_word' id='word_1_128' title='bbox 1340 1530 1586 1604; x_wconf 88' lang='lat' dir='ltr'><strong>superat,</strong></span> <span class='ocrx_word' id='word_1_129' title='bbox 1610 1546 1737 1581; x_wconf 87' lang='lat' dir='ltr'><strong>eam</strong></span> <span class='ocrx_word' id='word_1_130' title='bbox 1771 1546 1913 1581; x_wconf 85' lang='lat' dir='ltr'><strong>vero</strong></span> 
     </span>
    </p>
   </div>
   <div class='ocr_carea' id='block_1_4' title="bbox 168 1609 1915 3303">
    <p class='ocr_par' dir='ltr' id='par_1_5' title="bbox 168 1609 1915 3303">
     <span class='ocr_line' id='line_1_17' title="bbox 170 1609 1910 1687; baseline 0.001 -24"><span class='ocrx_word' id='word_1_131' title='bbox 170 1609 233 1664; x_wconf 88' lang='lat' dir='ltr'><strong>in</strong></span> <span class='ocrx_word' id='word_1_132' title='bbox 270 1629 382 1683; x_wconf 89' lang='lat' dir='ltr'><strong>qua</strong></span> <span class='ocrx_word' id='word_1_133' title='bbox 430 1613 662 1666; x_wconf 87' lang='lat' dir='ltr'><strong>inimica</strong></span> <span class='ocrx_word' id='word_1_134' title='bbox 698 1615 951 1668; x_wconf 88' lang='lat' dir='ltr'><strong>eminent</strong></span> <span class='ocrx_word' id='word_1_135' title='bbox 989 1613 1414 1686; x_wconf 78' lang='lat' dir='ltr'><strong>refugientibus.</strong></span> <span class='ocrx_word' id='word_1_136' title='bbox 1477 1613 1910 1687; x_wconf 73' lang='lat' dir='ltr'><strong>existimandum</strong></span> 
     </span>
     <span class='ocr_line' id='line_1_18' title="bbox 170 1694 1913 1771; baseline 0.001 -23"><span class='ocrx_word' id='word_1_137' title='bbox 170 1694 345 1766; x_wconf 88' lang='lat' dir='ltr'><strong>igitur</strong></span> <span class='ocrx_word' id='word_1_138' title='bbox 378 1699 450 1750; x_wconf 89' lang='lat' dir='ltr'><strong>est</strong></span> <span class='ocrx_word' id='word_1_139' title='bbox 478 1716 673 1750; x_wconf 86' lang='lat' dir='ltr'><strong>omnes</strong></span> <span class='ocrx_word' id='word_1_140' title='bbox 701 1700 910 1752; x_wconf 86' lang='lat' dir='ltr'><strong>nostras</strong></span> <span class='ocrx_word' id='word_1_141' title='bbox 938 1699 1078 1753; x_wconf 86' lang='lat' dir='ltr'><strong>vitas</strong></span> <span class='ocrx_word' id='word_1_142' title='bbox 1113 1699 1199 1752; x_wconf 85' lang='lat' dir='ltr'><strong>his</strong></span> <span class='ocrx_word' id='word_1_143' title='bbox 1233 1704 1337 1754; x_wconf 84' lang='lat' dir='ltr'><strong>esse</strong></span> <span class='ocrx_word' id='word_1_144' title='bbox 1362 1699 1613 1771; x_wconf 78' lang='lat' dir='ltr'><strong>illigataS,</strong></span> <span class='ocrx_word' id='word_1_145' title='bbox 1653 1707 1709 1750; x_wconf 88' lang='lat' dir='ltr'><strong>et</strong></span> <span class='ocrx_word' id='word_1_146' title='bbox 1732 1715 1913 1770; x_wconf 85' lang='lat' dir='ltr'><strong>repu-</strong></span> 
     </span>
     <span class='ocr_line' id='line_1_19' title="bbox 171 1780 1915 1856; baseline 0.003 -24"><span class='ocrx_word' id='word_1_147' title='bbox 171 1780 409 1834; x_wconf 86' lang='lat' dir='ltr'><strong>tandum</strong></span> <span class='ocrx_word' id='word_1_148' title='bbox 447 1783 638 1851; x_wconf 82' lang='lat' dir='ltr'><strong>quales</strong></span> <span class='ocrx_word' id='word_1_149' title='bbox 679 1792 881 1836; x_wconf 87' lang='lat' dir='ltr'><strong>natura</strong></span> <span class='ocrx_word' id='word_1_150' title='bbox 936 1794 1286 1855; x_wconf 78' lang='lat' dir='ltr'><strong>expetamus3</strong></span> <span class='ocrx_word' id='word_1_151' title='bbox 1345 1793 1398 1837; x_wconf 90' lang='lat' dir='ltr'><strong>et</strong></span> <span class='ocrx_word' id='word_1_152' title='bbox 1435 1785 1474 1836; x_wconf 87' lang='lat' dir='ltr'>fi</span> <span class='ocrx_word' id='word_1_153' title='bbox 1515 1783 1648 1855; x_wconf 84' lang='lat' dir='ltr'><strong>quid</strong></span> <span class='ocrx_word' id='word_1_154' title='bbox 1687 1792 1915 1856; x_wconf 78' lang='lat' dir='ltr'><strong>praeter</strong></span> 
     </span>
     <span class='ocr_line' id='line_1_20' title="bbox 172 1864 1913 1942; baseline 0.002 -25"><span class='ocrx_word' id='word_1_155' title='bbox 172 1864 310 1918; x_wconf 88' lang='lat' dir='ltr'><strong>haee</strong></span> <span class='ocrx_word' id='word_1_156' title='bbox 351 1866 590 1920; x_wconf 85' lang='lat' dir='ltr'><strong>dicimus</strong></span> <span class='ocrx_word' id='word_1_157' title='bbox 641 1886 743 1920; x_wconf 87' lang='lat' dir='ltr'><strong>nos</strong></span> <span class='ocrx_word' id='word_1_158' title='bbox 784 1877 1072 1940; x_wconf 81' lang='lat' dir='ltr'><strong>expetere,</strong></span> <span class='ocrx_word' id='word_1_159' title='bbox 1109 1886 1214 1942; x_wconf 89' lang='lat' dir='ltr'><strong>per</strong></span> <span class='ocrx_word' id='word_1_160' title='bbox 1248 1867 1591 1922; x_wconf 81' lang='lat' dir='ltr'><strong>inscientiam</strong></span> <span class='ocrx_word' id='word_1_161' title='bbox 1629 1868 1913 1938; x_wconf 89' lang='lat' dir='ltr'><strong>quandam</strong></span> 
     </span>
     <span class='ocr_line' id='line_1_21' title="bbox 172 1950 1912 2024; baseline 0.002 -21"><span class='ocrx_word' id='word_1_162' title='bbox 172 1960 230 2003; x_wconf 84' lang='lat' dir='ltr'><strong>et</strong></span> <span class='ocrx_word' id='word_1_163' title='bbox 264 1950 610 2024; x_wconf 80' lang='lat' dir='ltr'><strong>imperitiam</strong></span> <span class='ocrx_word' id='word_1_164' title='bbox 647 1952 896 2007; x_wconf 85' lang='lat' dir='ltr'><strong>vitarum</strong></span> <span class='ocrx_word' id='word_1_165' title='bbox 937 1972 1082 2024; x_wconf 89' lang='lat' dir='ltr'><strong>quae</strong></span> <span class='ocrx_word' id='word_1_166' title='bbox 1124 1954 1339 2007; x_wconf 84' lang='lat' dir='ltr'><strong>exstant</strong></span> <span class='ocrx_word' id='word_1_167' title='bbox 1369 1952 1424 2006; x_wconf 91' lang='lat' dir='ltr'><strong>id</strong></span> <span class='ocrx_word' id='word_1_168' title='bbox 1455 1953 1912 2023; x_wconf 78' lang='lat' dir='ltr'><strong>pronunciamus·</strong></span> 
     </span>
     <span class='ocr_line' id='line_1_22' title="bbox 169 2037 1906 2110; baseline 0.002 -21"><span class='ocrx_word' id='word_1_169' title='bbox 169 2055 446 2109; x_wconf 84' lang='lat' dir='ltr'><strong>quaenam</strong></span> <span class='ocrx_word' id='word_1_170' title='bbox 479 2037 648 2106; x_wconf 86' lang='lat' dir='ltr'><strong>igitur</strong></span> <span class='ocrx_word' id='word_1_171' title='bbox 683 2046 737 2089; x_wconf 91' lang='lat' dir='ltr'><strong>et</strong></span> <span class='ocrx_word' id='word_1_172' title='bbox 774 2047 914 2107; x_wconf 88' lang='lat' dir='ltr'><strong>quot</strong></span> <span class='ocrx_word' id='word_1_173' title='bbox 940 2039 1067 2091; x_wconf 87' lang='lat' dir='ltr'><strong>sunt</strong></span> <span class='ocrx_word' id='word_1_174' title='bbox 1091 2037 1244 2091; x_wconf 86' lang='lat' dir='ltr'><strong>vitae</strong></span> <span class='ocrx_word' id='word_1_175' title='bbox 1283 2038 1343 2093; x_wconf 90' lang='lat' dir='ltr'><strong>in</strong></span> <span class='ocrx_word' id='word_1_176' title='bbox 1366 2037 1568 2110; x_wconf 83' lang='lat' dir='ltr'><strong>quibus</strong></span> <span class='ocrx_word' id='word_1_177' title='bbox 1595 2037 1906 2110; x_wconf 84' lang='lat' dir='ltr'><strong>expetitum</strong></span> 
     </span>
     <span class='ocr_line' id='line_1_23' title="bbox 168 2121 1911 2196; baseline 0.002 -22"><span class='ocrx_word' id='word_1_178' title='bbox 168 2121 669 2193; x_wconf 84' lang='lat' dir='ltr'><strong>voluntariumque</strong></span> <span class='ocrx_word' id='word_1_179' title='bbox 697 2132 755 2175; x_wconf 88' lang='lat' dir='ltr'><strong>et</strong></span> <span class='ocrx_word' id='word_1_180' title='bbox 794 2141 979 2194; x_wconf 88' lang='lat' dir='ltr'><strong>neque</strong></span> <span class='ocrx_word' id='word_1_181' title='bbox 996 2123 1305 2196; x_wconf 87' lang='lat' dir='ltr'><strong>expetitum</strong></span> <span class='ocrx_word' id='word_1_182' title='bbox 1321 2141 1501 2195; x_wconf 88' lang='lat' dir='ltr'><strong>neque</strong></span> <span class='ocrx_word' id='word_1_183' title='bbox 1523 2123 1911 2178; x_wconf 86' lang='lat' dir='ltr'><strong>voluntarium</strong></span> 
     </span>
     <span class='ocr_line' id='line_1_24' title="bbox 171 2206 1906 2281; baseline 0.002 -21"><span class='ocrx_word' id='word_1_184' title='bbox 171 2206 299 2277; x_wconf 81' lang='lat' dir='ltr'><strong>eligi</strong></span> <span class='ocrx_word' id='word_1_185' title='bbox 337 2217 392 2260; x_wconf 89' lang='lat' dir='ltr'><strong>et</strong></span> <span class='ocrx_word' id='word_1_186' title='bbox 428 2207 658 2279; x_wconf 84' lang='lat' dir='ltr'><strong>spectari</strong></span> <span class='ocrx_word' id='word_1_187' title='bbox 696 2208 934 2280; x_wconf 82' lang='lat' dir='ltr'><strong>legeque</strong></span> <span class='ocrx_word' id='word_1_188' title='bbox 974 2208 1226 2263; x_wconf 88' lang='lat' dir='ltr'><strong>constitui</strong></span> <span class='ocrx_word' id='word_1_189' title='bbox 1261 2217 1512 2281; x_wconf 87' lang='lat' dir='ltr'><strong>oportet,</strong></span> <span class='ocrx_word' id='word_1_190' title='bbox 1550 2217 1615 2261; x_wconf 83' lang='lat' dir='ltr'><strong>ut</strong></span> <span class='ocrx_word' id='word_1_191' title='bbox 1659 2208 1906 2264; x_wconf 89' lang='lat' dir='ltr'><strong>amicum</strong></span> 
     </span>
     <span class='ocr_line' id='line_1_25' title="bbox 169 2292 1905 2368; baseline 0.003 -23"><span class='ocrx_word' id='word_1_192' title='bbox 169 2293 758 2362; x_wconf 80' lang='lat' dir='ltr'><strong>finiulqueiucundum</strong></span> <span class='ocrx_word' id='word_1_193' title='bbox 787 2292 1132 2365; x_wconf 87' lang='lat' dir='ltr'><strong>etoptimum</strong></span> <span class='ocrx_word' id='word_1_194' title='bbox 1149 2305 1204 2346; x_wconf 85' lang='lat' dir='ltr'><strong>et</strong></span> <span class='ocrx_word' id='word_1_195' title='bbox 1217 2293 1661 2368; x_wconf 86' lang='lat' dir='ltr'><strong>pulcherrimum</strong></span> <span class='ocrx_word' id='word_1_196' title='bbox 1684 2294 1905 2350; x_wconf 85' lang='lat' dir='ltr'><strong>sumen·</strong></span> 
     </span>
     <span class='ocr_line' id='line_1_26' title="bbox 168 2371 1905 2451; baseline 0.001 -21"><span class='ocrx_word' id='word_1_197' title='bbox 168 2371 250 2430; x_wconf 61' lang='lat' dir='ltr'><strong>tes</strong></span> <span class='ocrx_word' id='word_1_198' title='bbox 275 2378 535 2431; x_wconf 83' lang='lat' dir='ltr'><strong>vivamus</strong></span> <span class='ocrx_word' id='word_1_199' title='bbox 565 2396 734 2448; x_wconf 86' lang='lat' dir='ltr'><strong>quam</strong></span> <span class='ocrx_word' id='word_1_200' title='bbox 767 2379 1069 2432; x_wconf 77' lang='lat' dir='ltr'><strong>felicissirne</strong></span> <span class='ocrx_word' id='word_1_201' title='bbox 1094 2378 1266 2432; x_wconf 87' lang='lat' dir='ltr'><strong>homo</strong></span> <span class='ocrx_word' id='word_1_202' title='bbox 1284 2378 1480 2450; x_wconf 80' lang='lat' dir='ltr'><strong>posfit?</strong></span> <span class='ocrx_word' id='word_1_203' title='bbox 1517 2378 1767 2432; x_wconf 76' lang='lat' dir='ltr'><strong>dicamus</strong></span> <span class='ocrx_word' id='word_1_204' title='bbox 1794 2379 1905 2451; x_wconf 80' lang='lat' dir='ltr'><strong>igi-</strong></span> 
     </span>
     <span class='ocr_line' id='line_1_27' title="bbox 168 2463 1902 2534; baseline 0.003 -20"><span class='ocrx_word' id='word_1_205' title='bbox 168 2471 265 2516; x_wconf 86' lang='lat' dir='ltr'><strong>tur</strong></span> <span class='ocrx_word' id='word_1_206' title='bbox 306 2473 713 2533; x_wconf 79' lang='lat' dir='ltr'><strong>temperantem</strong></span> <span class='ocrx_word' id='word_1_207' title='bbox 737 2464 910 2518; x_wconf 84' lang='lat' dir='ltr'><strong>vitam</strong></span> <span class='ocrx_word' id='word_1_208' title='bbox 948 2483 1117 2517; x_wconf 87' lang='lat' dir='ltr'><strong>uuam</strong></span> <span class='ocrx_word' id='word_1_209' title='bbox 1148 2468 1252 2518; x_wconf 86' lang='lat' dir='ltr'><strong>esse</strong></span> <span class='ocrx_word' id='word_1_210' title='bbox 1285 2472 1340 2516; x_wconf 90' lang='lat' dir='ltr'><strong>et</strong></span> <span class='ocrx_word' id='word_1_211' title='bbox 1365 2463 1703 2534; x_wconf 81' lang='lat' dir='ltr'><strong>prudentem</strong></span> <span class='ocrx_word' id='word_1_212' title='bbox 1728 2484 1902 2520; x_wconf 86' lang='lat' dir='ltr'><strong>unam</strong></span> 
     </span>
     <span class='ocr_line' id='line_1_28' title="bbox 171 2548 1907 2621; baseline 0.002 -22"><span class='ocrx_word' id='word_1_213' title='bbox 171 2555 227 2600; x_wconf 86' lang='lat' dir='ltr'><strong>et</strong></span> <span class='ocrx_word' id='word_1_214' title='bbox 248 2567 420 2602; x_wconf 88' lang='lat' dir='ltr'><strong>unam</strong></span> <span class='ocrx_word' id='word_1_215' title='bbox 452 2549 680 2615; x_wconf 71' lang='lat' dir='ltr'><strong>fortem,</strong></span> <span class='ocrx_word' id='word_1_216' title='bbox 718 2560 887 2621; x_wconf 87' lang='lat' dir='ltr'><strong>atque</strong></span> <span class='ocrx_word' id='word_1_217' title='bbox 911 2550 1075 2603; x_wconf 86' lang='lat' dir='ltr'><strong>etiam</strong></span> <span class='ocrx_word' id='word_1_218' title='bbox 1108 2551 1298 2603; x_wconf 85' lang='lat' dir='ltr'><strong>sanam</strong></span> <span class='ocrx_word' id='word_1_219' title='bbox 1327 2548 1503 2603; x_wconf 80' lang='lat' dir='ltr'><strong>vitam</strong></span> <span class='ocrx_word' id='word_1_220' title='bbox 1534 2568 1707 2603; x_wconf 89' lang='lat' dir='ltr'><strong>unam</strong></span> <span class='ocrx_word' id='word_1_221' title='bbox 1736 2552 1907 2605; x_wconf 85' lang='lat' dir='ltr'><strong>ssatu-</strong></span> 
     </span>
     <span class='ocr_line' id='line_1_29' title="bbox 169 2633 1905 2707; baseline 0.002 -22"><span class='ocrx_word' id='word_1_222' title='bbox 169 2650 356 2702; x_wconf 81' lang='lat' dir='ltr'><strong>amus;</strong></span> <span class='ocrx_word' id='word_1_223' title='bbox 408 2644 463 2688; x_wconf 89' lang='lat' dir='ltr'><strong>et</strong></span> <span class='ocrx_word' id='word_1_224' title='bbox 507 2633 710 2689; x_wconf 85' lang='lat' dir='ltr'><strong>harum</strong></span> <span class='ocrx_word' id='word_1_225' title='bbox 756 2654 899 2706; x_wconf 90' lang='lat' dir='ltr'><strong>quae</strong></span> <span class='ocrx_word' id='word_1_226' title='bbox 935 2636 1063 2689; x_wconf 84' lang='lat' dir='ltr'><strong>sunt</strong></span> <span class='ocrx_word' id='word_1_227' title='bbox 1113 2645 1384 2707; x_wconf 88' lang='lat' dir='ltr'><strong>quattuor</strong></span> <span class='ocrx_word' id='word_1_228' title='bbox 1421 2634 1725 2689; x_wconf 85' lang='lat' dir='ltr'><strong>contrarias</strong></span> <span class='ocrx_word' id='word_1_229' title='bbox 1771 2636 1905 2689; x_wconf 84' lang='lat' dir='ltr'><strong>alias</strong></span> 
     </span>
     <span class='ocr_line' id='line_1_30' title="bbox 173 2719 1901 2793; baseline 0.005 -25"><span class='ocrx_word' id='word_1_230' title='bbox 173 2725 452 2786; x_wconf 87' lang='lat' dir='ltr'><strong>quattuor,</strong></span> <span class='ocrx_word' id='word_1_231' title='bbox 480 2720 914 2791; x_wconf 84' lang='lat' dir='ltr'><strong>imprudentem,</strong></span> <span class='ocrx_word' id='word_1_232' title='bbox 932 2721 1206 2793; x_wconf 83' lang='lat' dir='ltr'><strong>ignavam,</strong></span> <span class='ocrx_word' id='word_1_233' title='bbox 1223 2719 1571 2788; x_wconf 77' lang='lat' dir='ltr'><strong>effrenatam,</strong></span> <span class='ocrx_word' id='word_1_234' title='bbox 1595 2732 1901 2792; x_wconf 85' lang='lat' dir='ltr'><strong>aegrotam.</strong></span> 
     </span>
     <span class='ocr_line' id='line_1_31' title="bbox 172 2805 1901 2877; baseline 0.006 -27"><span class='ocrx_word' id='word_1_235' title='bbox 172 2817 238 2851; x_wconf 90' lang='lat' dir='ltr'><strong>ac</strong></span> <span class='ocrx_word' id='word_1_236' title='bbox 260 2810 620 2870; x_wconf 83' lang='lat' dir='ltr'><strong>temperatam</strong></span> <span class='ocrx_word' id='word_1_237' title='bbox 645 2807 868 2877; x_wconf 89' lang='lat' dir='ltr'><strong>quidem</strong></span> <span class='ocrx_word' id='word_1_238' title='bbox 896 2808 1070 2860; x_wconf 86' lang='lat' dir='ltr'><strong>vitam</strong></span> <span class='ocrx_word' id='word_1_239' title='bbox 1099 2805 1192 2877; x_wconf 90' lang='lat' dir='ltr'><strong>qui</strong></span> <span class='ocrx_word' id='word_1_240' title='bbox 1215 2805 1492 2877; x_wconf 75' lang='lat' dir='ltr'><strong>cognitam</strong></span> <span class='ocrx_word' id='word_1_241' title='bbox 1512 2805 1682 2859; x_wconf 85' lang='lat' dir='ltr'><strong>habet</strong></span> <span class='ocrx_word' id='word_1_242' title='bbox 1707 2806 1901 2861; x_wconf 87' lang='lat' dir='ltr'><strong>mitem</strong></span> 
     </span>
     <span class='ocr_line' id='line_1_32' title="bbox 173 2886 1900 2965; baseline 0.005 -31"><span class='ocrx_word' id='word_1_243' title='bbox 173 2894 342 2959; x_wconf 85' lang='lat' dir='ltr'><strong>ponet</strong></span> <span class='ocrx_word' id='word_1_244' title='bbox 355 2889 456 2938; x_wconf 87' lang='lat' dir='ltr'><strong>esse</strong></span> <span class='ocrx_word' id='word_1_245' title='bbox 471 2886 530 2939; x_wconf 89' lang='lat' dir='ltr'><strong>in</strong></span> <span class='ocrx_word' id='word_1_246' title='bbox 554 2892 809 2946; x_wconf 88' lang='lat' dir='ltr'><strong>omnibus</strong></span> <span class='ocrx_word' id='word_1_247' title='bbox 825 2904 880 2947; x_wconf 87' lang='lat' dir='ltr'><strong>et</strong></span> <span class='ocrx_word' id='word_1_248' title='bbox 895 2893 1136 2965; x_wconf 87' lang='lat' dir='ltr'><strong>placidos</strong></span> <span class='ocrx_word' id='word_1_249' title='bbox 1149 2891 1648 2964; x_wconf 84' lang='lat' dir='ltr'><strong>doloresplacidasq</strong></span> <span class='ocrx_word' id='word_1_250' title='bbox 1661 2910 1726 2943; x_wconf 87' lang='lat' dir='ltr'><strong>ue</strong></span> <span class='ocrx_word' id='word_1_251' title='bbox 1743 2890 1900 2943; x_wconf 88' lang='lat' dir='ltr'><strong>volu·</strong></span> 
     </span>
     <span class='ocr_line' id='line_1_33' title="bbox 176 2968 1900 3049; baseline 0.005 -31"><span class='ocrx_word' id='word_1_252' title='bbox 176 2976 353 3038; x_wconf 88' lang='lat' dir='ltr'><strong>ptates</strong></span> <span class='ocrx_word' id='word_1_253' title='bbox 387 2968 631 3042; x_wconf 86' lang='lat' dir='ltr'><strong>itemque</strong></span> <span class='ocrx_word' id='word_1_254' title='bbox 655 2977 984 3049; x_wconf 73' lang='lat' dir='ltr'><strong>cupiditates</strong></span> <span class='ocrx_word' id='word_1_255' title='bbox 1004 2980 1155 3033; x_wconf 89' lang='lat' dir='ltr'><strong>lenes</strong></span> <span class='ocrx_word' id='word_1_256' title='bbox 1185 2987 1240 3031; x_wconf 85' lang='lat' dir='ltr'><strong>et</strong></span> <span class='ocrx_word' id='word_1_257' title='bbox 1263 2996 1485 3032; x_wconf 85' lang='lat' dir='ltr'><strong>amores</strong></span> <span class='ocrx_word' id='word_1_258' title='bbox 1516 2994 1624 3027; x_wconf 88' lang='lat' dir='ltr'><strong>non</strong></span> <span class='ocrx_word' id='word_1_259' title='bbox 1660 2972 1900 3028; x_wconf 86' lang='lat' dir='ltr'><strong>furiosos</strong></span> 
     </span>
     <span class='ocr_line' id='line_1_34' title="bbox 174 3053 1901 3121; baseline 0.003 -14"><span class='ocrx_word' id='word_1_260' title='bbox 174 3053 855 3121; x_wconf 80' lang='lat' dir='ltr'><strong>afferentem‚effrenatam</strong></span> <span class='ocrx_word' id='word_1_261' title='bbox 884 3082 1023 3116; x_wconf 83' lang='lat' dir='ltr'><strong>vero</strong></span> <span class='ocrx_word' id='word_1_262' title='bbox 1047 3081 1235 3117; x_wconf 86' lang='lat' dir='ltr'><strong>acrem</strong></span> <span class='ocrx_word' id='word_1_263' title='bbox 1253 3058 1575 3114; x_wconf 82' lang='lat' dir='ltr'><strong>inomnibus</strong></span> <span class='ocrx_word' id='word_1_264' title='bbox 1601 3063 1703 3114; x_wconf 82' lang='lat' dir='ltr'><strong>effe</strong></span> <span class='ocrx_word' id='word_1_265' title='bbox 1721 3068 1776 3112; x_wconf 90' lang='lat' dir='ltr'><strong>et</strong></span> <span class='ocrx_word' id='word_1_266' title='bbox 1801 3078 1901 3112; x_wconf 90' lang='lat' dir='ltr'><strong>ve-</strong></span> 
     </span>
     <span class='ocr_line' id='line_1_35' title="bbox 173 3139 1900 3220; baseline 0.002 -29"><span class='ocrx_word' id='word_1_267' title='bbox 173 3139 461 3191; x_wconf 84' lang='lat' dir='ltr'><strong>hementes</strong></span> <span class='ocrx_word' id='word_1_268' title='bbox 478 3139 691 3195; x_wconf 81' lang='lat' dir='ltr'><strong>dolores</strong></span> <span class='ocrx_word' id='word_1_269' title='bbox 711 3144 1174 3220; x_wconf 85' lang='lat' dir='ltr'><strong>vehementesque</strong></span> <span class='ocrx_word' id='word_1_270' title='bbox 1202 3146 1507 3217; x_wconf 84' lang='lat' dir='ltr'><strong>voluptates</strong></span> <span class='ocrx_word' id='word_1_271' title='bbox 1534 3142 1784 3214; x_wconf 72' lang='lat' dir='ltr'><strong>itemque</strong></span> <span class='ocrx_word' id='word_1_272' title='bbox 1800 3162 1900 3194; x_wconf 82' lang='lat' dir='ltr'><strong>cu-</strong></span> 
     </span>
     <span class='ocr_line' id='line_1_36' title="bbox 171 3223 1900 3303; baseline 0.001 -27"><span class='ocrx_word' id='word_1_273' title='bbox 171 3223 429 3295; x_wconf 82' lang='lat' dir='ltr'><strong>piditates</strong></span> <span class='ocrx_word' id='word_1_274' title='bbox 465 3223 786 3280; x_wconf 82' lang='lat' dir='ltr'><strong>intentiores</strong></span> <span class='ocrx_word' id='word_1_275' title='bbox 824 3238 878 3283; x_wconf 88' lang='lat' dir='ltr'><strong>et</strong></span> <span class='ocrx_word' id='word_1_276' title='bbox 913 3230 1126 3288; x_wconf 84' lang='lat' dir='ltr'><strong>insanas</strong></span> <span class='ocrx_word' id='word_1_277' title='bbox 1153 3241 1208 3287; x_wconf 88' lang='lat' dir='ltr'><strong>et</strong></span> <span class='ocrx_word' id='word_1_278' title='bbox 1221 3247 1440 3288; x_wconf 82' lang='lat' dir='ltr'><strong>amores</strong></span> <span class='ocrx_word' id='word_1_279' title='bbox 1466 3245 1636 3303; x_wconf 84' lang='lat' dir='ltr'><strong>quam</strong></span> <span class='ocrx_word' id='word_1_280' title='bbox 1655 3225 1900 3281; x_wconf 82' lang='lat' dir='ltr'><strong>maxime</strong></span> 
     </span>
    </p>
   </div>
  </div>
 </body>
</html>
