2132 3652
16 135 100 221 Ψ
672 174 678 211 1
735 172 1124 231 Lacus
1174 171 1261 229 ³v.
1595 174 1605 183 *
1714 180 1850 237 v512

0 323 51 424 F}
117 322 213 391 lis,
260 336 403 382 mro
432 317 692 373 'carentes
734 324 790 370 et
825 314 950 370 aliis
988 331 1132 387 quae
1163 313 1350 388 legum
1396 316 1631 374 latorem
1677 340 1849 395 prae..

0 415 27 472 ζ’
116 406 453 482 scriptarum
480 405 586 458 effe
606 410 756 472 patet
782 419 853 455 ex
868 399 951 454 ‘eis
971 418 1117 472 quae
1138 402 1310 456 modo
1333 401 1484 457 dicta
1502 404 1650 473 sunt,
1687 426 1847 478 prae-

0 496 88 565 αῖ
115 488 533 563 tcmmgionis
564 497 621 543 et
650 486 824 555 urbia,
858 496 923 542 ut
950 485 1217 556 diximus,
1257 487 1443 545 media
1471 497 1528 544 et
1551 487 1842 545 habitatio-

0 587 2 618 ῖ
37 586 72 629 7*
109 575 292 634 necin
327 575 528 632 orbem
557 573 868 636 collocatas,
908 571 1099 628 omnia
1134 571 1258 626 sere
1302 581 1593 646 tamquam
1625 575 1843 629 somnia

67 667 70 671 ’
106 657 386 718 dicentem
407 661 498 716 vel
532 659 845 734 fingentem
870 662 1018 733 quafi
1058 677 1090 712 e
1122 678 1243 713 cera
1276 658 1475 714 urbem
1513 658 1760 732 aliquam
1784 671 1840 716 et

107 746 268 804 cives.
307 746 463 802 haud
503 746 653 819 male
699 745 870 820 igitur
905 747 964 800 se
1001 744 1214 799 habent
1246 744 1659 816 quodammodo
1699 745 1839 802 haec

103 829 270 900 dicta,
306 830 459 905 apud
498 842 720 887 nosmet
756 832 899 905 ipsos
929 850 1064 887 vero
1091 830 1232 884 haec
1253 838 1574 901 repetamus
1598 841 1832 904 oportet.
1917 833 1928 841 ’

100 916 300 971 rursus
327 916 497 990 igitur
524 918 685 973 nobis
708 919 896 989 legum
922 916 1067 971 lator
1092 915 1223 970 dicit
1247 915 1381 969 hoc:
1417 914 1516 970 His
1534 915 1595 968 in
1616 915 1834 971 oratio-

98 1002 284 1071 nibus,
320 1003 504 1071 amici,
540 1023 614 1058 ne
650 1002 952 1058 existimate
985 1019 1077 1055 me
1105 1001 1288 1074 ipsum
1315 998 1512 1072 fugere
1532 1021 1667 1055 vere
1690 1020 1834 1074 quo-

27 1143 34 1148 „
104 1088 412 1143 dammodo
445 1086 595 1160 quod
630 1106 780 1142 nunc
812 1085 1102 1161 profertur
1140 1086 1375 1159 exponi3
1406 1096 1465 1141 at
1487 1087 1546 1142 in
1568 1079 1833 1143 omnibus

96 1192 242 1245 quae
266 1174 463 1229 futura
485 1174 614 1227 sunt
635 1173 977 1229 iustiffimum
1013 1170 1259 1227 arbitror
1282 1174 1407 1240 effe,
1442 1191 1574 1228 eum
1602 1172 1699 1246 qui
1722 1193 1831 1228 ex-

94 1260 634 1333 emplar-proponat,
671 1258 838 1329 quale
868 1265 1127 1341 oporteat
1159 1257 1474 1312 institutum
1503 1257 1647 1327 fieri,
1682 1259 1829 1314 nihil

91 1345 540 1416 praetermittere
574 1341 949 1418 pulcherrimi
986 1351 1042 1395 et
1079 1342 1313 1415 optim13
1351 1342 1441 1397 cui
1467 1361 1606 1398 vero
1627 1343 1827 1399 accidit

92 1428 311 1501 aliquid
337 1430 485 1504 quod
511 1429 637 1483 fieri
657 1427 870 1499 nequit,
906 1427 1017 1481 hoo
1038 1427 1223 1501 ipsum
1245 1428 1474 1499 quidem
1502 1429 1827 1512 euitandam

5 1571 11 1577 ,
88 1528 197 1568 nec
237 1510 603 1582 faciundum,
641 1514 794 1585 quod
823 1531 955 1567 vero
994 1512 1066 1565 de
1102 1512 1295 1569 ceteris
1326 1514 1464 1570 huic
1493 1515 1826 1588 proximum

88 1598 164 1652 est
188 1596 548 1671 maximeque
583 1607 884 1669 cognatum
925 1597 1002 1652 eis
1033 1616 1175 1671 quae
1197 1597 1323 1653 fieri
1343 1618 1452 1674 par
1474 1602 1566 1671 est,
1602 1602 1710 1656 hoc
1733 1602 1823 1676 ip-

88 1683 214 1736 sum
237 1682 647 1737 elaborandum
676 1692 742 1735 ut
769 1681 899 1748 fiat3
935 1682 1126 1754 legum
1158 1684 1323 1754 latori
1357 1695 1549 1741 autem
1582 1688 1824 1759 permit·

29 1768 43 1816 ἔ
85 1767 358 1835 tendum,
403 1778 471 1820 ut
515 1766 687 1822 finem
721 1767 977 1838 imponat
1006 1766 1315 1837 voluntati,
1369 1789 1480 1843 quo
1515 1771 1663 1842 facto
1698 1782 1824 1827 tum

87 1851 323 1907 demum
367 1852 744 1907 communiter
774 1869 907 1904 cum
944 1869 1011 1903 eo
1057 1854 1518 1911 considerandum
1551 1855 1822 1931 quidnam

54 1924 56 1926 V
86 1957 159 1994 ex
180 1938 340 1992 dictis
362 1936 638 1992 conducat
654 1945 709 1988 et
733 1933 1000 2005 quidnam
1015 1940 1357 2011 propofitum
1381 1942 1444 1995 fit
1465 1959 1498 2010 a
1523 1940 1823 1997 scribendis
1911 2002 1921 2008 ⁴

85 2023 304 2096 legibus
332 2024 539 2088 averfi3
573 2039 714 2095 opus
736 2005 890 2073 enin‘n
910 2021 1096 2075 secum
1133 2024 1482 2078 consentiens
1505 2025 1670 2100 plane
1695 2026 1820 2081 cffi-

84 2125 217 2163 cere
241 2115 464 2181 oportet
486 2106 651 2161 etiam
678 2105 968 2161 vilissimae
1000 2105 1086 2160 rei
1114 2106 1406 2176 artificem,
1446 2111 1484 2163 fi
1507 2109 1734 2168 laudem
1757 2111 1819 2168 fit

80 2194 544 2263 consequuturus.
1077 2217 1080 2220 ’
1610 2215 1613 2218 ’
1788 2210 1800 2222 ·

221 2277 388 2332 Nunc
411 2278 580 2348 igitur
593 2275 703 2330 hoc
716 2276 901 2349 ipsum
924 2276 1246 2333 conandum
1263 2280 1338 2333 est
1355 2279 1620 2353 spectare,
1633 2300 1811 2355 quum

23 2374 37 2408 -ἰ
81 2360 267 2417 visum
308 2360 485 2416 fuerit
529 2361 824 2416 duodecim
863 2360 925 2416 in
973 2371 1163 2435 partes
1210 2363 1413 2420 urbem
1459 2366 1806 2427 distribuere.

78 2446 364 2519 quomodo
394 2447 502 2501 hoc
534 2446 662 2501 fieri
690 2448 863 2521 possit.
898 2446 1263 2521 perspicuum
1294 2460 1483 2508 autem
1515 2452 1807 2511 duodecim

41 2531 268 2606 'partes
302 2531 573 2603 plurimas
610 2552 810 2587 eorum
859 2532 999 2606 quae
1050 2534 1110 2589 in
1149 2535 1203 2589 se
1242 2537 1562 2592 contineant
1595 2538 1808 2594 habere

78 2615 519 2683 distributiones,
555 2626 613 2670 et
648 2635 795 2688 quae
828 2638 957 2674 cum
986 2619 1071 2675 his
1093 2620 1394 2676 coniuncta
1417 2625 1519 2678 fiat
1539 2630 1596 2677 et
1619 2640 1693 2679 ex
1716 2621 1805 2679 his

78 2712 393 2774 procreata,
428 2720 606 2775 usque
630 2703 696 2757 ad
723 2705 1094 2777 quadraginta
1116 2715 1172 2760 et
1192 2708 1436 2780 quinque
1456 2707 1661 2778 millia3
1695 2727 1805 2763 un·-

83 2785 155 2838 de
188 2785 532 2841 familiarum
563 2790 986 2844 communiones
1019 2801 1075 2845 et
1108 2792 1291 2848 curias
1327 2803 1386 2848 et
1415 2793 1594 2861 viena,
1631 2811 1801 2865 prae-

88 2878 349 2938 tei-eaque
374 2870 636 2927 militares
670 2875 894 2930 ordines
934 2886 988 2930 et
1012 2876 1226 2944 ductus,
1266 2889 1322 2933 et
1346 2878 1572 2955 insuper
1594 2897 1798 2932 numos

84 2962 141 3006 et
164 2954 450 3007 mensuras
488 2955 748 3013 siccorum
783 2973 839 3017 et
858 2962 1198 3032 liquidorum
1225 2974 1279 3018 et
1305 2965 1568 3040 pondera,
1606 2962 1796 3017 omnia

84 3037 222 3090 haec
256 3038 544 3092 moderata
584 3051 640 3094 et
680 3042 826 3100 inter
872 3046 927 3098 se
958 3048 1306 3105 concinentia
1349 3058 1569 3122 oportet
1611 3048 1794 3118 legem

86 3122 427 3178 constituere.
470 3136 753 3197 praeterea
787 3148 889 3183 nec
923 3131 1057 3185 illud
1095 3137 1421 3203 verendum,
1456 3152 1530 3187 ne
1558 3150 1648 3187 res
1680 3133 1792 3188 mi-

88 3216 248 3262 nutas
272 3206 525 3264 videatur
560 3213 858 3268 consectari
890 3215 989 3286 qui
1027 3219 1167 3275 nihil
1191 3238 1386 3276 eorum
1410 3236 1791 3294 quaecumque
