2132 3652
210 226 313 283 516

211 367 418 422 tutioni
448 377 503 422 et
524 355 921 421 certaminibus
948 364 1211 437 praesint.
1283 364 1373 420 Ad
1399 364 1647 422 :civitatis
1681 384 1822 421 vero
1856 366 1950 420 sa-

206 457 389 509 lutem
424 472 596 527 quum
627 451 937 523 plurimum
973 450 1182 503 interfit
1215 450 1571 505 iuventutem
1593 445 1754 507 ‘recte
1785 450 1949 504 insti-

207 541 312 608 tui,
351 539 599 613 optimus
635 556 666 588 e
697 535 907 588 civium
942 554 1182 589 numero
1219 537 1559 606 deligenduS,
1598 537 1694 609 qui
1719 536 1944 590 institu-

206 625 350 679 tioni
373 622 667 676 universae
688 619 899 692 praesit
922 620 1092 692 (766).
1115 653 1188 664 ω-
1214 621 1384 694 Quod
1412 623 1483 675 ad
1500 622 1702 674 iudicia
1729 620 1947 687 attinet,

205 709 416 784 privati
456 707 602 759 inter
627 705 682 755 se
709 703 991 774 litigantes
1023 706 1265 759 arb‘itros
1294 709 1585 770 sumunt03
1622 704 1813 774 quodsi
1839 704 1946 757 hoc

205 794 377 850 modo
414 788 481 844 lis
521 789 787 862 componi
815 790 1022 861 nequit,
1065 793 1132 844 ad
1162 791 1370 844 iudices
1396 791 1650 863 publicos
1673 807 1762 840 res
1789 787 1950 840 defe-

204 879 388 934 renda
421 885 478 928 et
507 874 575 929 ab
606 874 692 926 his
729 873 1081 927 decernenda
1122 878 1228 942 est3
1275 895 1412 948 quos
1449 874 1730 947 quomodo
1769 873 1948 927 creari

204 972 464 1040 oporteat
485 960 755 1033 deinceps
780 960 1087 1034 exponitur
1109 965 1283 1030 (768).
1358 962 1525 1034 Quae
1546 960 1606 1013 in
1625 960 1732 1014 hac
1756 961 1947 1030 legum

127 1112 131 1115 ,
207 1049 552 1123 expositione
568 1046 715 1098 forte
746 1047 1127 1115 praetermissa
1166 1049 1310 1111 sunt,
1353 1066 1417 1100 ea
1443 1047 1589 1099 intra
1618 1047 1808 1099 decem
1837 1063 1946 1098 an-

204 1155 309 1190 nos
329 1136 406 1188 ita
444 1137 572 1184 sunt
600 1131 903 1204 explenda,
937 1141 1000 1185 ut
1036 1132 1384 1203 magistratus
1418 1131 1620 1204 finguli
1654 1131 1726 1183 ad
1754 1131 1945 1199 legum

204 1221 452 1276 custodes
491 1215 748 1270 deferant
784 1235 924 1287 quae
963 1217 1499 1285 animadverterint,
1549 1226 1603 1270 et
1642 1234 1947 1269 commune

202 1305 390 1381 postea
422 1302 707 1381 consilinm
731 1303 1005 1355 habeatur
1041 1305 1216 1373 (772).
1240 1335 1313 1346 -
1345 1307 1465 1359 Iam
1490 1304 1559 1356 de
1582 1300 1945 1356 matrimonio

205 1388 527 1464 exponitur,
552 1387 712 1439 cuius
735 1397 957 1460 tempus
981 1389 1295 1458 legitimum
1316 1389 1453 1442 viris
1481 1383 1944 1440 statuitur'annus

203 1475 396 1531 aetatis
419 1472 648 1543 quintus
679 1472 962 1525 vicesimus
988 1491 1167 1542 usque
1193 1475 1261 1528 ad
1291 1475 1553 1544 quintum
1587 1470 1940 1526 tricefimum.

203 1564 272 1618 In
314 1557 597 1613 connubio
639 1567 826 1611 autem
865 1559 1112 1611 ineundo
1154 1578 1270 1611 non
1301 1558 1544 1622 divitias,
1581 1557 1673 1609 sed
1704 1556 1942 1609 civitatis

201 1646 450 1702 :rationes
483 1642 893 1713 hominumque
930 1642 1215 1713 ingenium
1255 1643 1454 1716 respici
1479 1651 1732 1713 oportet3
1767 1641 1942 1711 igitur

203 1732 301 1804 qui
325 1728 520 1782 'calido
560 1746 623 1779 ao
657 1725 830 1778 feroci
872 1728 1059 1780 animo
1093 1731 1191 1794 est,
1242 1728 1289 1781 is
1328 1727 1650 1798 parentibus
1686 1726 1941 1779 modestis

202 1815 424 1877 natam,
472 1810 712 1864 sedatior
755 1829 894 1864 vero
939 1822 1244 1884 parentum
1290 1811 1627 1866 alacriorum
1664 1811 1838 1865 filiam
1876 1811 1941 1864 in

200 1898 637 1959 matrimonium
665 1895 887 1959 ducito,
923 1907 988 1949 ut
1020 1897 1377 1967 ingeniorum
1412 1896 1690 1952 diverfitas
1729 1899 1799 1952 ad
1838 1917 1940 1951 ae-

203 1986 526 2060 qualitatem
569 1981 851 2053 quandam
888 1981 1199 2054 redigatur.
1274 1985 1504 2039 Caelebs
1540 1985 1848 2038 mulctator
1880 1992 1940 2036 et

201 2092 239 2127 a
272 2069 590 2125 iunioribus
628 2067 1016 2121 contemnitor.
1101 2071 1311 2124 Dotem
1342 2070 1438 2143 qui
1477 2071 1571 2124 dat
1607 2070 1696 2122 vel
1737 2068 1939 2141 accipit

139 2158 142 2162 ’
200 2153 606 2229 quinquaginta
636 2154 1037 2209 drachmarum
1061 2155 1308 2226 pretium
1332 2155 1717 2220 excedentem,
1741 2154 1937 2208 itidem

199 2242 524 2298 mulctator.
580 2239 778 2301 Patris,
803 2239 992 2293 :fratris
1030 2241 1315 2311 germani,
1353 2241 1446 2294 avi
1485 2240 1703 2313 paterni
1740 2248 1811 2306 et,
1846 2239 1936 2292 his

198 2326 400 2392 finitis,
448 2325 645 2379 matris
684 2327 792 2378 esto
830 2327 1182 2399 despondere.
1254 2329 1322 2383 In
1360 2327 1621 2381 convivia
1659 2324 1934 2399 nuptialia

199 2432 318 2467 non
341 2411 474 2466 licet
493 2411 802 2481 impensam
828 2410 1015 2465 facere
1049 2432 1151 2466 nec
1183 2431 1360 2484 usque
1383 2413 1454 2466 ad
1485 2412 1810 2466 ebrietatem
1840 2410 1930 2463 bi-

197 2499 353 2563 bere,
390 2497 646 2550 omnium
665 2496 904 2551 minime
934 2499 1093 2552 novis
1118 2498 1456 2568 coniugibuS,
1495 2498 1592 2568 qui
1625 2497 1929 2550 liberorum

195 2585 464 2636 sanorum
486 2600 551 2634 ae
572 2582 926 2637 robustorum
951 2583 1328 2655 procreationi
1348 2583 1581 2637 debeant
1598 2579 1928 2652 prospicere·

195 2666 342 2725 Novi
373 2679 662 2738 praeterea
702 2669 963 2740 coniuges
991 2689 1024 2723 a
1055 2669 1375 2741 parentibus
1415 2678 1469 2719 et
1492 2665 1742 2720 affinibus
1765 2666 1927 2735 sepa-

194 2752 370 2809 ratim
403 2748 698 2803 habitante
728 2754 906 2823 (776).
949 2784 1021 2794 -—
1068 2753 1337 2808 Omnium
1374 2769 1518 2821 quae
1551 2750 1619 2801 ad
1646 2747 1927 2822 poffeffio-

196 2857 332 2894 :nem
357 2834 642 2910 pertinent
666 2836 990 2891 difficillima
1015 2840 1140 2890 funt
1169 2835 1413 2900 servitia,
1451 2845 1751 2907 propterea
1773 2834 1926 2907 quod

194 2924 370 2980 homo
410 2920 740 2975 servitutem
778 2939 944 2991 aegre
978 2922 1209 2993 patitur.
1286 2921 1569 2994 Quocirca
1607 2918 1920 2989 dominum,

196 3028 271 3065 ne
294 3006 442 3061 servi
469 3005 761 3060 coniurare
787 3004 1011 3079 poffint,
1049 3005 1241 3060 videre
1265 3014 1506 3079 oportet,
1541 3014 1606 3058 ut
1641 3004 1866 3059 diverfis
1890 3024 1923 3058 e

195 3095 451 3170 gentibus
477 3093 934 3165 diversarumque
969 3091 1292 3163 linguarum
1319 3094 1438 3145 fint.
1511 3092 1802 3146 Praeterea
1827 3091 1920 3144 do-

197 3181 390 3237 minus
421 3199 455 3232 a
492 3178 827 3232 contumelia
863 3188 918 3231 et
957 3177 1216 3230 iniustitia
1251 3178 1313 3232 in
1350 3180 1536 3230 servos
1573 3197 1686 3230 non
1714 3176 1918 3238 minue,

197 3286 370 3338 quam
404 3286 435 3319 a
459 3265 582 3318 ioco
607 3273 661 3316 et
689 3264 1065 3317 familiaritate
1087 3265 1142 3315 se
1163 3264 1456 3316 abstinebit
1486 3266 1655 3332 (778).
1681 3292 1750 3302 -
1769 3261 1915 3316 Dein

198 3354 269 3408 de
296 3349 536 3425 templiS,
573 3349 836 3405 aediliciis
861 3370 924 3404 ac
947 3348 1127 3415 ‘muris
1166 3349 1467 3417 disseritur,
1504 3366 1747 3420 quorum
1775 3366 1914 3420 pro-

2084 3027 2097 3061 t
