2132 3652
767 236 816 292 L
851 233 902 291 Ε
940 229 1153 292 G'ss's
1225 235 1322 293 ιν.
1811 214 1919 302 ‘243

302 379 413 441 .Gl.
450 377 721 454 Quidni?

207 580 229 586 ff
324 520 454 583 Ath.
482 522 749 578 Dicamus
762 519 933 594 igitur
946 521 1052 576 eis:
1094 522 1230 585 Viri,
1258 520 1411 591 deus,
1440 516 1918 595 quemadmodum

70 613 75 617 ”
135 650 140 657 -
184 610 353 670 etiam
379 618 541 664 vetus
569 609 649 661 ait
684 610 894 675 oratio,
933 606 1163 663 initium
1190 617 1246 662 et
1272 608 1444 663 finem
1476 620 1530 663 et
1553 612 1801 667 medium
1826 633 1919 668 re·-

179 701 312 755 rum
338 694 592 748 omnium
614 694 1010 766 complectenS,
1045 704 1200 748 recta
1227 694 1447 764 perficit
1476 697 1781 753 secundum
1815 716 1924 753 na·-

180 794 370 839 turam
409 779 598 834 omnia
627 779 895 845 lusitana,
934 777 1098 849 eique
1134 780 1356 852 semper
1395 783 1698 843 comitatur
1724 782 1921 841 iustitia

181 887 384 924 eorum
418 866 513 939 qui
541 865 788 918 divinam
817 864 999 935 legem
1025 864 1426 934 derelinquunt
1453 865 1658 931 ultrix,
1696 868 1786 920 cui
1816 869 1921 921 ad·
1971 853 1974 861 ⁵

178 947 504 1009 haerescens
531 951 624 1021 qui
650 950 844 1003 beatus
877 950 950 1001 est
977 948 1204 1002 futurus
1230 949 1529 1003 comitatur
1551 950 1839 1006 submiss'us
1865 964 1921 1007 et

178 1040 482 1103 modestus,
523 1038 560 1088 fi
588 1035 709 1106 quis
736 1054 874 1088 vero
901 1033 1159 1087 iactantia
1187 1036 1395 1103 elatus,
1433 1038 1640 1107 quippe
1672 1038 1763 1089 vel
1790 1038 1921 1110 opi-

178 1124 285 1178 bus
314 1122 635 1195 superbiens
684 1122 774 1174 vel
812 1119 1118 1174 honoribus
1159 1122 1252 1174 vel
1287 1122 1454 1176 etiam
1507 1121 1920 1192 corporis‘for-

179 1211 446 1273 mofitate,
485 1208 750 1276 simulque
781 1206 1082 1258 iuventute
1109 1215 1165 1257 et
1191 1205 1423 1271 inscitia,
1464 1207 1767 1261 exardescit
1795 1209 1922 1261 ani-

177 1317 273 1351 mo
302 1314 429 1348 cum
461 1292 769 1355 insolentia,
809 1289 888 1343 ita
922 1300 985 1341 ut
1010 1308 1110 1342 nec
1134 1291 1478 1362 imperatore
1505 1310 1610 1345 nec
1640 1292 1783 1345 duce
1812 1295 1920 1347 ali-

177 1401 290 1452 quo
325 1381 380 1431 se
415 1379 692 1448 indigere,
731 1376 821 1428 sed
856 1376 1034 1447 ipsum
1074 1377 1128 1427 se
1158 1378 1223 1429 ad
1251 1378 1390 1432 alios
1418 1378 1698 1431 ducendos
1731 1381 1918 1432 valere

178 1463 467 1530 existimet,
493 1462 827 1531 relinquitur
852 1461 1091 1512 desertus
1119 1479 1151 1512 a
1180 1461 1302 1528 deo,
1334 1464 1558 1518 relictus
1582 1482 1718 1516 vero
1743 1464 1913 1518 etiam

176 1549 298 1604 aliis
336 1546 659 1602 huiusmodi
701 1545 996 1617 assumptis
1025 1545 1265 1599 exsultat
1293 1548 1484 1601 omnia
1514 1551 1671 1603 fimul
1699 1562 1922 1617 pertur-

178 1635 347 1701 bans,
386 1643 441 1685 et
466 1633 762 1704 permultis
797 1632 1021 1699 quidem
1059 1630 1285 1707 videtur
1316 1631 1515 1703 aliquis
1546 1639 1684 1695 effe,
1723 1646 1777 1688 at
1804 1656 1919 1689 non

175 1721 255 1774 ita
301 1719 479 1772 multo
529 1718 644 1787 post
683 1734 927 1786 poenam
972 1714 1119 1768 haud
1163 1719 1634 1772 contemnendam
1682 1720 1920 1775 iustitiae

177 1805 428 1877 pendens
448 1803 501 1853 [e
527 1803 707 1873 ipsum
726 1811 781 1851 et
806 1800 1036 1852 domum
1065 1810 1121 1852 et
1139 1801 1414 1854 civitatem
1432 1802 1686 1858 funditus
1702 1808 1921 1860 evertit.

179 1891 319 1944 haec
351 1887 521 1958 igitur
554 1904 728 1956 quum
759 1884 832 1936 ita
867 1884 1119 1954 disposna
1151 1886 1284 1944 fint,
1324 1885 1458 1956 quid
1484 1898 1708 1959 oportet
1734 1888 1921 1944 facere

179 1975 271 2029 vel
295 1975 541 2045 spectare
569 1980 626 2024 et
655 1970 785 2041 quid
815 1988 932 2023 non
956 1970 1304 2042 sapientem?

324 2115 405 2172 Cl.
455 2113 819 2186 Perspicuum
858 2112 988 2165 sane
1026 2111 1133 2166 hoc
1166 2114 1238 2166 est
1261 2101 1542 2186 quemque
1567 2127 1831 2189 oportere
1860 2119 1919 2175 id

150 2274 153 2278 ι
178 2205 430 2280 spectare
464 2211 530 2254 ut
550 2218 696 2253 unus
719 2199 779 2251 fit
801 2197 870 2251 de
895 2197 972 2250 eis
1003 2198 1097 2271 qui
1123 2198 1227 2251 deo
1255 2199 1613 2258 comitentur.

321 2348 460 2405 Ath.
481 2344 778 2416 Quaenam
800 2340 972 2412 igitur
989 2342 1133 2395 actio
1153 2341 1328 2396 amica
1350 2353 1406 2396 et
1425 2345 1760 2416 consequens
1777 2347 1876 2403 deo
1891 2350 1920 2404 7

179 2451 296 2487 una
318 2442 370 2484 et
385 2433 442 2484 in
470 2449 583 2482 una
610 2429 792 2480 nitens
813 2438 1005 2482 vetere
1020 2429 1291 2495 oratione,
1308 2427 1466 2482 fimili
1485 2429 1708 2500 quidem
1726 2431 1918 2500 fimite,

180 2517 519 2572 fimoderata
544 2515 663 2578 fint,
692 2513 935 2567 amicum
959 2518 1078 2577 effe,
1097 2514 1465 2567 immoderata
1483 2533 1618 2568 vero
1641 2535 1745 2570 nec
1768 2516 1918 2573 inter

182 2604 237 2655 se
262 2621 364 2656 neo
394 2598 712 2656 moderatis,
759 2598 894 2651 deus
919 2599 1085 2670 igitur
1111 2597 1271 2653 nobis
1301 2597 1557 2652 omnium
1591 2618 1783 2655 rerum
1802 2622 1920 2656 mo-

185 2689 286 2740 dun
301 2686 406 2739 erit
430 2686 698 2745 maxime,
731 2693 785 2737 et
816 2683 992 2736 multo
1015 2683 1189 2754 magis
1216 2701 1378 2754 quam
1407 2684 1598 2752 home,
1624 2696 1687 2740 ut
1715 2686 1925 2754 dicunt,

188 2770 482 2840 quispiam.
520 2788 648 2823 eum
672 2768 848 2840 igitur
871 2767 966 2838 qui
1003 2768 1132 2822 huic
1156 2769 1385 2823 dilectus
1412 2771 1471 2823 fit
1497 2769 1725 2826 futurus
1752 2792 1922 2844 quam

190 2855 348 2925 possit
370 2853 612 2906 maxime
637 2854 752 2924 ipse
769 2872 992 2926 quoque
1009 2855 1131 2907 talis
1156 2856 1592 2909 exfistatneceffe
1627 2858 1729 2923 est3
1770 2867 1827 2910 et
1850 2876 1920 2911 ex

188 2938 294 2993 hac
317 2937 541 3006 quidem
563 2939 778 2991 ratione
791 2940 899 3010 ‘qui
922 2949 1268 3012 temperatus
1294 2941 1365 2992 est
1391 2940 1459 2993 de
1482 2939 1642 2993 nobis
1666 2941 1766 2993 deo
1786 2941 1923 2995 ami-

189 3039 285 3073 cus
307 3018 516 3088 (fimitis
541 3020 735 3087 enim),
756 3022 851 3099 qui
879 3041 1011 3077 vero
1039 3044 1153 3078 non
1177 3026 1249 3077 est
1274 3034 1620 3096 temperatus
1646 3023 1919 3077 disfimilis

191 3116 243 3158 et
259 3104 571 3175 discrepans
586 3104 904 3172 etiniustus3
923 3118 978 3160 et
992 3109 1209 3179 reliqua
1223 3109 1417 3162 eodem
1436 3109 1487 3160 se
1502 3106 1669 3160 modo
1687 3106 1908 3161 habent.

190 3188 566 3259 intelligamus
582 3207 714 3241 vero
737 3188 821 3242 his
861 3193 1287 3262 consequentem
1305 3198 1408 3248 effe
1421 3192 1567 3247 hanc
1589 3192 1924 3257 orationem,

191 3274 444 3327 omnium
472 3272 912 3346 pulcherrimam
955 3284 1009 3328 et
1032 3268 1403 3347 ve1·ifflmam;
1442 3278 1664 3350 opinor,
1708 3266 1924 3330 oratio-

1349 3361 1574 3434 ,ρει
