2176 3672
940 1258 1032 1336 II.

126 1465 434 1576 Deinceps
459 1521 614 1575 vero,
641 1502 968 1573 utvidetur,
993 1505 1309 1561 videndum
1336 1504 1412 1558 est
1433 1502 1505 1558 de
1527 1502 1655 1570 illis,
1680 1502 1863 1559 hocne

127 1589 310 1644 solum
342 1589 559 1644 bonum
574 1589 818 1645 habeant
846 1601 911 1645 ut
936 1594 1331 1665 cognoscamus
1351 1589 1637 1663 quomodo
1658 1599 1865 1644 natura

130 1675 295 1729 fimus
318 1676 646 1749 comparati,
670 1695 743 1730 an
770 1676 937 1735 etiam
952 1697 1156 1751 magna
1178 1677 1458 1750 quaedam
1482 1674 1694 1730 utilitas
1707 1676 1865 1730 mul-

126 1771 188 1815 to
218 1761 391 1816 studio
414 1761 584 1834 digna
606 1761 668 1815 in
691 1771 844 1816 recto
875 1762 1312 1836 compotationis
1332 1764 1455 1818 usu.
1530 1761 1666 1834 quid
1689 1761 1863 1833 igitur

129 1846 412 1902 dicimus?
453 1848 622 1914 inest,
659 1856 726 1901 ut
749 1848 927 1903 oratio
950 1849 1176 1902 videtur
1202 1847 1538 1920 significare3
1573 1847 1862 1920 quomodo

127 1950 264 1986 vero
303 1931 462 2000 infit,
501 1932 796 1987 audiamus
832 1932 1177 1989 attendentes
1214 1933 1464 1996 animoa,
1511 1942 1580 1987 ut
1600 1950 1674 1986 ne
1697 1931 1768 1986 ab
1795 1949 1862 1984 eo

128 2017 485 2075 deludamur.

272 2102 356 2158 cl.
390 2105 497 2158 Dic
521 2105 710 2178 igitur.

268 2188 400 2246 Ath.
449 2191 516 2244 In
552 2191 891 2248 memoriam
931 2211 966 2247 a
999 2192 1161 2247 vobis
1194 2192 1385 2246 rursus
1407 2188 1663 2244 revocari
1692 2186 1860 2262 cupio

126 2274 264 2346 quid
304 2275 533 2330 tandem
576 2276 830 2332 dicamus
866 2277 1024 2331 nobis
1062 2282 1167 2331 effe
1193 2285 1401 2330 rectam
1426 2272 1862 2340 institutionem3

123 2358 294 2415 huiusi
320 2360 489 2426 enim,
529 2372 596 2416 ut
621 2364 883 2434 equidem
906 2382 1060 2417 nunc
1084 2361 1350 2428 coniieio,
1385 2360 1447 2415 in
1468 2358 1643 2416 studio
1667 2359 1786 2428 illo,
1822 2359 1860 2411 fi

125 2456 278 2502 recte
305 2456 620 2514 exercetur,
646 2447 874 2504 consistit
894 2449 1052 2503 salus.

267 2531 354 2588 cl.
391 2533 663 2605 Magnum
689 2551 827 2589 vero
864 2533 1016 2587 dicis·

268 2617 405 2674 Ath.
441 2618 586 2672 Dico
612 2618 781 2691 igitur
805 2638 1114 2691 puerorum
1153 2617 1433 2692 puerilem
1461 2620 1567 2672 esse
1606 2618 1862 2692 primum

128 2705 347 2759 sensum
377 2703 727 2777 voluptatem
750 2714 807 2758 et
827 2706 1099 2772 dolorem,
1138 2715 1195 2759 et
1219 2703 1279 2757 in
1303 2702 1508 2775 quibus
1529 2701 1711 2757 virtus
1732 2703 1862 2757 ani-

128 2788 236 2844 mis
259 2797 425 2861 atque
445 2788 705 2845 vitiositas
720 2790 1080 2846 innascantur
1100 2790 1372 2866 primum,
1396 2788 1536 2843 haec
1561 2791 1665 2843 efl'e
1677 2808 1697 2856 3
1721 2806 1863 2861 pru-

132 2873 319 2928 dentia
339 2892 474 2927 vero
496 2893 777 2950 veraeque
815 2877 1104 2951 opiniones
1135 2876 1352 2932 stabiles
1374 2875 1465 2929 cui
1496 2871 1666 2928 etiam
1689 2873 1748 2927 in
1774 2873 1862 2924 se·-

132 2967 359 3013 nectute
386 2960 730 3032 contingunt,
758 2964 806 3018 is
829 2964 1034 3018 beatus,
1071 2962 1357 3037 perfectus
1383 2970 1571 3015 autem
1600 2962 1673 3014 est
1687 2962 1860 3013 homo

131 3044 229 3116 qui
264 3042 401 3097 haec
436 3053 496 3097 et
532 3062 676 3118 quae
705 3048 767 3102 in
797 3050 882 3104 his
901 3050 1096 3114 insunt
1123 3050 1318 3104 omnia
1340 3049 1485 3101 bona
1517 3043 1857 3118 adipiscitur.

132 3129 478 3201 disciplinam
518 3129 688 3200 igitur
721 3132 845 3187 dico
890 3133 1157 3189 virtutem
1210 3154 1378 3206 quam
1414 3130 1575 3205 pueri
1616 3129 1860 3202 primam

126 3215 546 3277 nanciscantur,
585 3217 841 3289 voluptas
879 3221 1137 3275 videlicet
1171 3229 1228 3273 et
1263 3218 1506 3275 amicitia
1536 3225 1592 3270 et
1617 3215 1776 3270 dolor
1802 3223 1858 3267 et

128 3299 320 3354 odium
367 3299 400 3350 fi
447 3307 600 3351 recte
636 3317 831 3356 eorum
867 3305 1065 3360 animis
1094 3306 1517 3378 ingenerentur,
1572 3318 1685 3371 quo
1707 3309 1858 3354 tem-

128 3404 263 3457 pore
306 3384 555 3441 nondum
597 3387 871 3443 rationem
917 3390 1255 3463 percipiant,
1305 3390 1449 3445 hanc
1506 3405 1641 3443 vero
1681 3400 1853 3455 quum

1781 3591 1790 3657 ξ
