2132 3652
2 36 66 53 ::::::

793 244 1179 301 LEGES
1250 248 1341 303 VI.
1499 290 1505 297 ,
1825 250 1931 308 525

185 398 244 442 ‘ot
273 398 538 444 manente
572 388 801 442 civitate
822 406 1020 441 eorum
1062 387 1426 465 creatioxtalis
1460 389 1583 443 fere
1622 394 1747 444 esto.
1787 406 1919 445 om-

182 490 281 527 nes
318 471 380 525 in
413 473 834 541 magistratuum
865 471 1164 528 creationis
1186 484 1409 544 partem
1442 485 1729 539 vocantor‚
1772 475 1914 546 ‘qui-

182 574 426 626 cumque
479 576 639 612 arma
687 558 954 630 equestria
991 559 1084 612 vel
1125 559 1395 632 pedestria
1433 569 1643 631 gerunt
1674 568 1731 611 et
1761 558 1909 612 bello

179 636 562 698 interfuerunt
606 664 710 717 pro
762 643 957 698 aetatis
994 646 1123 697 suae
1162 644 1410 711 viribus3
1463 644 1676 700 creatio
1721 644 1911 696 autem

180 729 499 798 peragenda
521 732 594 784 est
619 731 677 784 in
701 730 916 801 templo
940 730 1090 799 quod
1113 729 1310 784 civitas
1338 726 1397 785 i'n
1416 733 1664 786 maximo
1687 729 1910 782 honore

175 811 367 880 habet,
404 815 557 868 etad
591 834 748 868 aram
786 814 876 867 dei
914 815 1115 885 cuique
1137 813 1436 870 ferendum
1470 816 1532 870 in
1564 814 1754 869 tabula
1776 812 1911 866 rcri-

176 906 339 968 ptum
366 917 572 954 nomen
593 901 771 973 patris
804 909 859 952 et
886 899 1069 954 tribus
1093 909 1150 954 et
1181 900 1369 955 curiae
1405 902 1556 956 unde
1584 903 1676 961 est,
1714 886 1771 952 et
1804 898 1911 953 ad-

175 982 535 1037 ieribendum
561 985 723 1056 ipsius
761 1003 985 1056 quoque
1020 1005 1229 1038 nomen
1257 986 1455 1039 eodem
1482 986 1668 1039 modo.
1707 995 1762 1038 et
1786 982 1911 1037 cui-

178 1086 423 1138 cumque
451 1070 551 1140 qui
587 1071 832 1124 voluerit
861 1070 1053 1124 licebit
1084 1071 1351 1145 tabulam,
1390 1089 1535 1141 quae
1568 1087 1684 1122 non
1720 1087 1791 1122 ex
1812 1069 1910 1122 sua

177 1154 443 1206 sententia
461 1147 562 1226 ip'fi
590 1157 791 1227 scripta
815 1149 1096 1222 videatur,
1133 1157 1357 1210 auferre
1385 1166 1441 1210 et
1462 1156 1523 1210 in
1544 1154 1668 1215 foro
1694 1172 1911 1226 ponere

176 1257 293 1291 non
328 1238 547 1294 brevius
578 1258 744 1311 quam
772 1241 996 1311 triginta
1025 1242 1167 1303 dies;
1207 1243 1425 1295 tabulas
1451 1259 1587 1295 vero
1626 1242 1686 1294 in
1707 1238 1907 1314 primis

176 1325 443 1378 iudicatas
471 1345 653 1395 usque
681 1327 749 1380 ad
778 1336 1051 1380 trecentas
1086 1326 1386 1379 exhibento
1412 1325 1761 1398 magistratus
1786 1326 1909 1395 spe·

178 1411 405 1465 claudas
452 1412 749 1467 universae
801 1411 1015 1466 civitati
1032 1433 1051 1480 3
1100 1421 1156 1464 et
1202 1410 1399 1466 civitas
1435 1410 1684 1464 fimiliter
1705 1417 1785 1462 'ex
1821 1409 1908 1462 his

174 1500 366 1550 rursus
388 1507 578 1550 creato
603 1515 770 1564 quem
794 1496 1028 1567 quisque
1049 1496 1310 1562 voluerit,
1335 1506 1393 1549 et
1414 1505 1642 1553 centum
1665 1493 1907 1550 secundo

178 1601 250 1634 ex
272 1581 356 1634 his
380 1580 537 1634 electi
571 1582 935 1634 ostenduntor
956 1583 1147 1636 rursus
1190 1581 1483 1649 omnibus3
1520 1581 1685 1635 tertio
1714 1590 1908 1649 autom

99 1710 102 1714 .
178 1668 364 1737 eligito
389 1686 419 1720 e
444 1676 670 1721 centum
696 1667 805 1721 inis
832 1667 1061 1738 quilibet
1089 1687 1258 1739 quem
1282 1666 1526 1722 voluerit
1551 1685 1656 1739 per
1682 1665 1908 1720 eosdem

175 1753 510 1824 procedens;
568 1753 778 1822 septem
820 1771 957 1804 vero
1011 1763 1068 1805 et
1115 1754 1369 1824 triginta,
1420 1752 1621 1824 quibus
1658 1749 1906 1824 plurima

178 1835 792 1908 suffragia-obtigerinss
839 1836 1150 1890 iudicantes
1185 1838 1505 1891 declarant'o
1543 1837 1901 1908 magistratus.

179 1923 432 1995 Quinam
467 1921 657 1990 igitur,
695 1941 727 1972 o
766 1919 944 1975 Clinia
982 1931 1036 1975 et
1065 1922 1302 1992 Megillo,
1343 1922 1534 1976 omnia
1569 1921 1732 1976 nobis
1761 1920 1904 1976 haec

175 2009 237 2061 in
271 2007 497 2061 civitate
534 2005 889 2072 constituent,
926 2008 1076 2076 quod
1110 2008 1181 2061 ad
1214 2009 1561 2076 magistratus
1592 2023 1904 2076 eorumque

174 2090 532 2165 probationes
569 2091 810 2145 attinet?
858 2110 998 2144 num
1039 2091 1403 2162 intelligimus
1440 2091 1756 2146 civitatibus
1784 2089 1907 2162 pri-

176 2196 337 2231 mum
367 2176 447 2230 ita
468 2177 781 2230 coniunctis
804 2178 1097 2231 necessario
1118 2178 1224 2230 effe
1247 2177 1481 2252 aliqum,
1506 2177 1691 2230 nullos
1713 2185 1906 2230 autem
1985 2248 1988 2251 Ι

178 2266 283 2316 effe
310 2270 440 2314 anto
470 2262 813 2331 magistratus
841 2282 1029 2317 omnes
1063 2263 1321 2316 creatos?
1359 2271 1575 2337 oportet
1611 2281 1746 2317 vero
1774 2270 1910 2315 om...=

174 2348 238 2401 ni
268 2346 454 2401 modo.
494 2366 702 2416 eosque
738 2367 854 2402 non
892 2348 1051 2415 vileS,
1089 2347 1179 2400 sed
1217 2364 1389 2419 quam
1408 2347 1660 2402 maxime
1683 2345 1908 2419 perfec-

174 2444 291 2489 1033
327 2431 552 2485 initium
580 2433 749 2500 enim,
774 2443 837 2486 ut
857 2433 1150 2506 proverbii
1168 2434 1291 2487 loco
1315 2432 1535 2499 dicitur,
1562 2432 1755 2486 omnis
1769 2448 1907 2505 opo-

175 2517 254 2571 ris
295 2519 369 2570 est
410 2516 743 2585 dimidium,
800 2529 858 2573 et
908 2519 1048 2572 bene
1079 2517 1333 2591 incipero
1377 2535 1574 2572 omnes
1605 2517 1904 2572 laudamus

176 2604 421 2675 semper3
460 2612 518 2655 at
554 2621 721 2667 vero,
758 2612 822 2656 ut
855 2603 994 2658 mihi
1030 2604 1283 2670 videtur,
1319 2603 1427 2655 hoc
1466 2603 1595 2674 plus
1628 2603 1702 2656 est
1721 2599 1906 2673 [quium

178 2687 493 2752 dimidium,
530 2707 633 2747 nec
660 2687 954 2760 quisquam
986 2689 1046 2748 id
1083 2689 1225 2748 hene
1250 2687 1460 2749 factum
1483 2687 1611 2746 satis
1636 2687 1900 2747 laudavit.

324 2841 406 2896 CI.
441 2843 749 2901 Rectissime
771 2846 1033 2917 loqueris.

324 2994 464 3050 Am.
493 2995 683 3068 Quare
705 3000 762 3052 id
783 3021 959 3072 quum
980 3002 1377 3078 perspiciamus
1397 3022 1468 3056 ne
1488 3010 1903 3074 praetereamus

187 3081 416 3144 filentio.
451 3080 592 3141 nihil
629 3082 967 3146 declarantes
992 3088 1289 3162 :nobismet
1316 3089 1439 3166 ipsis
1472 3086 1756 3160 quomodo
1779 3083 1904 3142 fieri
