2176 3672
818 173 951 229 111⁴:
989 163 1132 230 GE
1169 172 1209 227 s
1282 152 1395 229 1‘15
1861 188 1961 241 m

368 315 453 374 Ol.
492 314 800 390 Praeclare.
864 361 866 365 .

362 402 498 459 Ath.
540 401 745 457 Nonne
779 401 1083 473 voluptate
1103 400 1439 458 iudicabitur
1478 399 1661 455 solum
1699 399 1833 454 illud
1860 420 1958 456 re-

223 499 343 555 cte,
393 488 545 559 quod
585 504 768 558 neque
812 485 1112 542 utilitatem
1145 487 1393 559 aliquam
1428 503 1618 577 neque
1657 483 1955 546 veritatem

220 590 409 643 neque
446 571 859 628 similitudinem
909 574 1076 628 efficit
1116 584 1171 627 et
1214 572 1478 638 exhibet,
1514 570 1710 642 ιιεςιιθ
1757 579 1955 625 contra

222 659 522 725 damnum,
563 658 658 712 sed
691 658 760 712 ad
785 659 840 713 id
865 659 1057 732 ipsum
1073 660 1250 714 solum
1278 658 1455 729 quo'd
1456 657 1526 712 ad
1552 655 1774 727 leliqua
1792 674 1957 710 acce-

220 744 335 812 dit,
381 746 447 798 ad
483 744 718 816 gratiam
755 745 992 816 spectat,
1041 764 1212 818 quam
1256 743 1814 820 quidem'ssrectisfim'e
1835 741 1957 814 quis

213 830 592 902 ‘appellaverit
644 831 998 903 voluptatem
1020 870 1036 897 ‚
1083 833 1122 885 fi
1155 821 1298 884 nihil
1324 820 1460 906 icam
1485 828 1718 897 illorum
1761 829 1956 882 conse-

216 917 470 988 quatur?
1344 902 1355 915 Ἃ
1492 934 1497 937 “

364 1002 453 1059 cl.
493 1002 852 1056 Innocentem
885 1009 1105 1055 tantum
1132 997 1267 1052 dicis
1289 990 1660 1072 voluptatem.

361 1088 497 1144 Atla.
534 1086 739 1147 Etiam,
780 1095 837 1140 et
859 1086 1058 1140 ludum
1084 1084 1320 1156 quidem
1334 1087 1444 1139 effe
1459 1083 1693 1138 eandem
1708 1081 1951 1148 aiotum,

217 1189 392 1242 quum
429 1190 611 1241 neque
638 1170 833 1224 damni
852 1189 1030 1242 neque
1059 1169 1324 1224 utilitatis
1329 1166 1558 1242 aliquid
1572 1168 1770 1223 afferat
1792 1168 1952 1278 quod

218 1257 390 1311 studio
414 1266 469 1308 et
492 1275 555 1309 01
557 1255 742 1308 atione
768 1255 1079 1327 dignumt
1018 1258 1094 1313 fit

357 1341 443 1396 ΟΖ.
481 1341 768 1396 Vexisfime
799 1342 951 1397 dicis.

352 1426 493 1485 Aac.
541 1426 743 1480 Nonne
791 1427 964 1499 igitur
1010 1426 1318 1499 quamlibet
1347 1424 1724 1480 imitationem
1758 1423 1951 1501 suma·

210 1529 336 1588 mus
365 1530 438 1564 ex
462 1512 548 1565 his
576 1530 716 1583 quae
744 1528 897 1567 nunc
930 1513 1075 1569 dicta
1111 1516 1240 1567 sunt
1266 1512 1505 1566 minime
1530 1510 1949 1585 voluptate‘effe

209 1596 563 1650 iudicandam
598 1607 656 1651 et
697 1598 964 1671 opinione
988 1621 1103 1655 non
1130 1616 1291 1664 vera,
1330 1606 1496 1669 atque
1520 1598 1690 1650 etiam
1718 1611 1949 1647 omnem

212 1682 647 1753 aequalitatem?
696 1704 880 1757 neque
917 1685 1064 1738 enim
1085 1724 1101 1746 ,
1137 1686 1175 1738 fi
1219 1683 1310 1739 cui
1339 1684 1607 1737 videatur
1634 1679 1791 1735 vel'fi
1824 1678 1950 1751 quis

212 1785 328 1836 quo
361 1767 693 1832 delectetur,
733 1770 966 1839 aequale
1003 1773 1109 1823 e1it
1144 1772 1376 1841 aequale
1404 1774 1512 1823 ne'c
1531 1768 1825 1822 mensurae
1851 1783 1948 1820 re-

212 1851 488 1921 spondens
528 1855 760 1907 omnino
794 1854 899 1907 erit
935 1854 1306 1927 respondens,
1368 1855 1462 1908 sed
1500 1872 1649 1908 vero
1685 1851 1947 1946 omnium

215 1936 475 2002 maxime,
515 1938 750 1991 minime
778 1940 885 1992 alio
910 1959 1281 2011 quocumque,
1317 1939 1698 2016 iudicandum.
1756 1958 1762 1964 ·
1895 1947 1897 1949 ’

358 2021 441 2075 CI.
479 2023 567 2076 Est
589 2025 717 2076 sane
739 2024 835 2076 ita.

350 2109 483 2164 Aah.
520 2109 719 2162 Nonne
749 2110 1010 2163 musicam
1032 2096 1264 2182 quidem
1291 2100 1522 2163 omnem
1552 2099 1794 2162 dicimus
1822 2110 1941 2162 assi-

211 2192 407 2248 milare
430 2202 485 2245 et
510 2191 759 2246 imitari?
1318 2208 1324 2214 ·
1384 2203 1404 2213 ”
1656 2201 1662 2212 ’

355 2279 436 2334 Cl.
475 2278 735 2352 Quidni²

351 2363 488 2421 Aah.
528 2363 765 2418 Minime
786 2383 934 2435 erge,
975 2360 1009 2417 fi
1036 2364 1160 2435 quis
1181 2365 1448 2418 muficam
1469 2357 1772 2462 'voluptate
1791 2364 1940 2420 dicat

207 2450 473 2507 iudicati:
509 2450 651 2504 haec
686 2449 1007 2522 accipienda
1050 2451 1123 2502 est
1157 2450 1365 2515 oratio,
1403 2451 1938 2521 minimeque.quae-

207 2536 380 2593 reuda
408 2538 480 2588 est
502 2534 595 2588 illa
622 2544 909 2608 tamquam
943 2535 1126 2593 studio
1141 2536 1339 2608 (ligna,
1365 2537 1571 2616 'etiamst
1598 2537 1816 2589 ex'fistat
1828 2535 1935 2588 ali-'‘-

209 2622 355 2687 cubi,
387 2621 477 2674 sed
509 2640 573 2674 ea
599 2638 741 2692 quae
762 2621 1180 2676 similitudinem
1204 2622 1374 2676 habet
1396 2643 1470 2676 ex
1492 2622 1720 2695 pulchri
1749 2612 1931 2674 imita

209 2706 372 2762 tione.
1388 2720 1395 2723 “
1921 2712 1928 2727 ’

353 2789 434 2844 Cl.
474 2793 781 2851 Veriffime.

349 2872 710 2947 Ath.1taque
746 2879 831 2932 his
880 2878 980 2948 qui
1025 2878 1300 2962 optimum
1357 2888 1585 2933 cantum
1624 2887 1678 2932 et
1711 2878 1928 2931 musam

214 2966 490 3027 quaerunt
523 2964 937 3030 quaerendum,
983 2974 1073 3017 ut·
1088 2965 1443 3040 perspicitur,
1459 2978 1461 2981 '
1495 2984 1610 3019 non
1658 2982 1800 3036 quae
1833 2963 1929 3015 iu·-

214 3041 426 3104 cunda,
461 3042 556 3095 sed
582 3063 724 3114 quae
744 3059 892 3102 recta
913 3051 1027 3113 sm·-
1030 3050 1378 3103 imitationi&
1391 3051 1540 3104 enim
1568 3056 1712 3114 erat,
1748 3056 1811 3102 ut
1835 3047 1927 3101 di-

215 3127 413 3190 )ιίιιιιιε,
451 3136 602 3179 recta
625 3126 781 3194 ratio,
818 3134 852 3183 si
885 3152 974 3188 res
1002 3134 1316 3190 imitatione
1347 3141 1597 3207 expressa
1637 3144 1844 3209 quanta
1873 3145 1927 3187 et

213 3211 391 3281 qualis
415 3214 540 3265 effet
559 3211 931 3275 exhiberetur.
