2132 3652
750 251 1130 311 LEGES
1202 253 1299 311 VI.
1783 256 1888 316 555

169 400 316 456 nitus
339 395 654 454 dimittitor.
688 405 802 451 tres
825 403 1014 450 autem
1043 395 1206 450 sunto
1255 396 1400 451 sorte
1427 396 1573 462 lecti,
1610 398 1894 471 defignatie

166 485 395 558 quidem
417 481 635 554 viginti,
674 480 851 535 tribus
885 497 1023 532 vero
1050 496 1080 531 e
1106 478 1306 549 viginti
1330 481 1617 552 designatis
1642 487 1787 542 sorte
1807 488 1919 542 le..'

164 569 379 645 gelidis,
416 587 555 641 quos
590 565 757 620 etiam
795 562 1120 636 suffragium
1154 564 1519 636 probantium
1555 570 1893 642 probaverit.

164 657 204 710 fi
228 653 351 727 quis
375 651 704 727 reprobatus
736 649 909 704 suerit
940 649 1001 704 in
1029 666 1382 720 quacumque
1404 653 1750 721 magistratus
1773 657 1896 711 sor-

164 738 364 794 titione
396 750 452 792 et
483 735 708 803 iudicio,
746 734 881 789 alios
915 733 1036 787 eius
1074 735 1198 788 loco
1228 734 1402 789 creari
1439 747 1659 808 oportet
1694 739 1894 797 eadem

165 823 386 880 ratione
412 833 468 876 et
488 821 743 894 probatio
770 836 965 873 eorum
991 816 1238 872 fimiliter
1255 819 1608 882 instituenda.

304 907 571 978 Reliquus
592 910 666 960 est
691 902 1107 978 magistratusin
1122 903 1290 958 rebus
1314 923 1348 958 a
1369 905 1531 959 nobis
1565 917 1695 963 ante
1708 912 1894 983 prola·

165 993 235 1048 tis
260 993 355 1066 qui
371 992 719 1047 institutionis
747 989 1039 1045 universae
1058 997 1171 1041 tam
1195 987 1538 1045 feminarum
1566 1011 1732 1063 quam
1757 997 1899 1049 mas-

167 1081 426 1134 culorum
454 1078 909 1151 procurationem
935 1071 1155 1126 habeat.
1193 1091 1341 1128 unus
1365 1075 1534 1146 igitur
1555 1076 1645 1130 ln'c
1671 1097 1896 1150 quoque

168 1164 277 1218 erit
303 1163 617 1237 praefectus
644 1161 840 1216 secund
851 1178 946 1213 um
975 1160 1144 1229 leges,
1179 1178 1357 1214 annos
1381 1151 1548 1214 natus
1570 1180 1682 1215 non
1705 1165 1896 1219 minus

168 1267 337 1319 quam
366 1248 784 1321 quinquaginta,
813 1245 1123 1300 liberorum
1148 1242 1528 1314 legitimorum
1558 1255 1736 1315 pater,
1773 1266 1901 1301 ma-

166 1332 322 1387 xime
356 1332 584 1399 quidem
617 1332 867 1387 filiorum
904 1341 959 1384 et
991 1329 1270 1392 filiarum,
1315 1327 1392 1380 fin
1425 1329 1643 1400 minus,
1683 1332 1899 1387 alteru-

166 1426 354 1479 trum;
393 1417 698 1474 existimato
729 1426 914 1470 autem
949 1413 1065 1485 ipse
1102 1410 1303 1465 ceteris
1339 1412 1615 1467 antelatus
1650 1424 1708 1468 et
1729 1426 1898 1469 ante-

169 1500 361 1555 ferens
385 1500 536 1554 hunc
556 1501 934 1572 magistratum
970 1498 1320 1550 summorum
1352 1494 1412 1548 in
1448 1496 1592 1551 urbe
1611 1499 1901 1571 magistra-

170 1595 335 1639 tuum
359 1584 527 1655 longe
564 1584 1083 1659 praestantissimum
1111 1586 1238 1639 effe.
1277 1581 1547 1654 cuiusque
1572 1584 1723 1638 enim
1750 1586 1901 1657 quod

169 1670 324 1740 viget
369 1669 558 1742 prima
607 1667 946 1737 germinatio
993 1667 1231 1739 pulchre
1274 1667 1508 1722 tendens
1550 1666 1621 1720 ad
1665 1678 1902 1722 naturae

168 1756 304 1807 suae
342 1752 650 1806 bonitatem
687 1751 995 1804 maximam
1028 1750 1192 1803 affert
1222 1751 1344 1806 vim
1380 1751 1451 1805 ad
1495 1751 1668 1807 finem
1705 1754 1753 1807 ei
1785 1753 1903 1807 im-

169 1837 496 1911 ponendum
532 1834 1041 1898 accommodatum,
1078 1853 1250 1905 quum
1292 1844 1605 1889 ceterorum
1641 1856 1781 1909 quae
1812 1839 1906 1892 vi-

170 1930 304 1993 gent
327 1930 450 1974 tum
483 1920 851 1974 animantium
880 1922 1300 1973 mansuetorum
1323 1918 1685 1990 ferorumque
1710 1931 1766 1974 et
1794 1922 1904 1975 ho-

171 2007 412 2061 minum.
450 2005 659 2058 etenim
691 2004 875 2070 thO,
912 2015 977 2063 ut
1003 2005 1254 2069 dicimuS,
1290 2004 1645 2058 mansuetum
1671 2006 1744 2057 est
1772 2007 1902 2060 ani-

171 2091 322 2159 mal,
395 2088 745 2160 disciplinam
790 2097 980 2142 tamen
1023 2099 1232 2142 rectam
1284 2098 1477 2143 nactus
1525 2098 1901 2160 naturamque

169 2175 394 2231 felicem
428 2173 830 2229 divinisfimum
871 2171 1480 2246 mansuetiffimumque
1526 2172 1735 2227 animal
1778 2173 1903 2227 fieri

171 2263 333 2327 solet,
369 2279 488 2315 non
505 2258 631 2312 satis
655 2275 791 2311 vero
813 2258 909 2312 vel
932 2276 1047 2312 non
1067 2267 1218 2312 recte
1243 2258 1506 2313 educatus
1526 2258 1904 2312 saevissimum

175 2346 432 2399 omnium
459 2361 602 2414 quae
626 2353 775 2398 terra
797 2353 1068 2416 procreat.
1095 2343 1356 2414 quocirca
1373 2362 1489 2397 non
1511 2343 1750 2397 secundo
1774 2343 1900 2396 loco

174 2449 362 2502 neque
388 2427 663 2482 subficivis
703 2427 888 2500 operis
920 2428 1053 2500 legis
1081 2428 1321 2483 latorem
1347 2436 1567 2501 oportet
1591 2446 1898 2501 puerorum

177 2513 567 2568 educationem
593 2513 769 2566 smere
803 2512 1042 2585 institui,
1081 2513 1170 2567 sed
1203 2513 1455 2584 primum
1484 2511 1578 2584 qui
1607 2519 1758 2565 recte
1792 2511 1902 2567 hoc

176 2606 471 2653 curaturus
498 2600 571 2651 est
604 2596 850 2652 instituto
870 2609 936 2654 ut
964 2619 995 2652 e
1021 2598 1238 2653 civibus
1261 2598 1497 2670 eligatur
1527 2596 1620 2668 qui
1652 2596 1902 2671 optimus

176 2686 243 2738 fit
263 2683 333 2736 ad
359 2682 545 2737 omnia
556 2707 574 2750 ,·
619 2682 712 2736 hic
741 2700 846 2754 pro
878 2682 1091 2738 viribus
1125 2700 1295 2753 quam
1330 2682 1577 2736 maxime
1599 2682 1677 2735 eis
1702 2683 1901 2737 consti-

179 2767 413 2822 tuendus
446 2769 518 2820 est
554 2765 866 2840 praefectus
913 2776 968 2820 et
1010 2775 1246 2823 curator.
1283 2787 1478 2821 omnes
1514 2766 1685 2839 igitur
1718 2769 1902 2839 magi-

180 2855 377 2907 stratus
402 2851 643 2921 exceptis
655 2852 851 2906 senatu
873 2851 1330 2926 principibusque
1360 2851 1567 2906 confilii
1603 2851 1814 2924 publici
1837 2852 1900 2907 in

182 2932 455 3007 Apollinis
500 2935 774 3006 templum
816 2936 1212 2991 convenientes
1250 2939 1395 2992 clam
1430 2934 1655 2990 ferunto
1695 2934 1902 2990 suffra-

182 3021 373 3092 gium3
406 3017 594 3088 legum
619 3019 903 3074 custodum
926 3039 1339 3093 quemcumque
1360 3018 1591 3090 quisque
1617 3017 1901 3075 existima-

184 3102 338 3158 verit
368 3100 580 3174 optime
618 3111 949 3158 curaturum
985 3109 1089 3160 effe
1126 3124 1213 3159 res
1243 3105 1312 3159 ad
1351 3100 1692 3173 disciplinam
1719 3105 1900 3178 perti-

182 3195 406 3247 nenteaz
444 3185 535 3239 cui
571 3205 708 3241 vero
741 3186 986 3260 plurima
1020 3186 1322 3261 obtigerint
1359 3185 1648 3260 suffragia,
1683 3186 1731 3242 ia
1762 3206 1899 3260 pro·

183 3272 347 3327 batus
384 3288 419 3324 a
453 3268 677 3343 reliquia
725 3270 1124 3345 magistratibus
1170 3272 1265 3348 qui
1302 3279 1589 3341 crearunt,
1646 3271 1898 3344 exceptis

261 3358 421 3416 Tom·
450 3354 553 3412 VI.
1490 3356 1536 3411 Z
