2132 3652
782 313 1172 372 LEGES
1245 317 1344 374 VI.
1826 318 1943 379 525

191 475 313 523 tam
353 459 453 520 diu
489 460 963 535 exspectaremus,
1005 459 1180 515 donee
1213 460 1379 534 pueri
1413 460 1565 534 leges
1598 448 1942 536 gustavissent

195 549 332 606 etin
357 549 438 604 eis
476 538 695 601 educati
732 547 861 600 satis
892 545 1219 616 adsuetique
1250 566 1380 603 cum
1413 547 1643 605 civitate
1674 545 1938 625 universa

193 635 268 691 ad
290 632 708 707 magistratuum
736 652 796 686 οι
800 632 1080 687 eationem
1117 627 1564 700 adhiberentur,
1574 635 1684 690 hoe
1703 638 1747 691 fi
1769 636 1937 692 fieret

192 721 344 795 quod
385 719 618 775 dicimus
630 759 648 787 ,
678 718 961 794 ⁸siquidem
1000 716 1191 788 aliquo
1226 718 1396 772 modo
1427 728 1484 773 et
1514 714 1938 796 machinatione

193 806 361 862 fieret
382 817 554 873 recte,
592 803 856 875 equidem
895 803 1098 857 censeo
1114 802 1292 857 multa
1316 820 1419 857 nos
1448 808 1598 876 poffe
1621 824 1770 861 cum
1766 790 1941 862 <secu-

139 899 143 905 '
196 892 367 947 litate
389 892 515 962 spel
518 909 611 946 are
636 888 762 943 soie
789 899 851 943 ut
875 887 1071 943 civitas
1101 889 1172 944 fic
1196 887 1442 945 instituta
1468 900 1737 948 maneret.

344 977 431 1033 CI.
470 977 638 1032 Certe
666 975 740 1028 est
773 975 1226 1029 consentaneum.>

338 1062 476 1118 Ath.
514 1060 843 1134 Spectemus
875 1058 1047 1132 igitur
1070 1061 1106 1113 fi
1131 1076 1243 1131 qua
1273 1057 1509 1113 modum
1541 1059 1787 1135 aliquem
1811 1062 1944 1119 ido-

195 1167 373 1204 neum
410 1147 507 1201 illa
540 1144 914 1216 consequendi
953 1145 1315 1221 reperiamps.
1356 1144 1484 1199 dico
1526 1146 1715 1212 enims
1738 1148 1942 1216 Clinia,

202 1234 430 1289 Cnofios
455 1240 714 1300 oportere
742 1249 879 1301 prae
903 1229 1132 1300 reliquis
1158 1228 1418 1298 Cretibns
1442 1249 1561 1286 non
1593 1232 1946 1306 defungendi

196 1327 423 1373 tantum
444 1318 608 1371 causa
631 1316 922 1388 regionem
949 1335 1116 1387 quam
1145 1333 1294 1367 nunc
1329 1312 1693 1370 habitabilem
1716 1319 1943 1374 redditis

195 1412 456 1470 tractare,
495 1401 587 1454 sed
618 1421 721 1472 pro
755 1400 965 1454 viribus
1005 1408 1263 1452 contente
1301 1402 1623 1473 prospicere
1663 1412 1732 1457 ut
1768 1403 1942 1475 primi

195 1489 548 1559 magistratus
575 1502 747 1556 quam
775 1485 1078 1538 firmisfime
1105 1492 1160 1536 et
1181 1483 1394 1555 optime
1416 1485 1834 1542 constituantur.
1853 1493 1953 1543 ‘ao'

194 1573 440 1645 reliquos
462 1571 690 1644 quidem
713 1571 1040 1623 constituere
1059 1569 1240 1624 levius
1271 1586 1434 1640 opust,
1470 1571 1657 1641 legum
1681 1554 1940 1628 clistodes

194 1667 387 1712 autem
410 1656 624 1731 primos
651 1653 811 1710 omni
848 1655 1025 1710 studio
1060 1655 1265 1725 eligere
1288 1647 1536 1708 maxime
1562 1655 1729 1712 nobis
1748 1661 1946 1712 neces-

197 1741 424 1796 sarium
1690 1756 1694 1762 ·

344 1823 427 1881 cl.
469 1826 660 1897 Quem
684 1824 853 1897 igitur
878 1823 1115 1878 modum
1144 1832 1199 1877 et
1217 1821 1533 1879 orationem
1561 1823 1632 1880 ad
1654 1824 1810 1927 haec
1818 1825 1947 1882 effi-

198 1910 395 1968 cienda
422 1910 785 1964 invenimus?

339 1994 479 2054 ΛιῙι.
529 1994 703 2049 Hanc.
742 1994 846 2056 aio,
886 2014 919 2047 o
958 1993 1063 2048 filii
1099 1994 1350 2059 Cretum,
1390 2003 1671 2065 oportere
1692 1994 1942 2064 Cnofios,‘

199 2101 376 2155 quum
401 2082 675 2155 plurimas
703 2079 871 2132 urbes
897 2079 1162 2151 dignitate
1183 2078 1538 2147 praecedant,
1561 2083 1946 2139 communiter

164 2177 167 2179 ’
199 2187 329 2224 cum
365 2164 690 2221 hominibus
726 2163 786 2216 in
825 2163 973 2217 hanc
1022 2163 1311 2217 civitatem
1355 2164 1612 2218 venturis
1659 2184 1729 2219 ex
1768 2160 1945 2222 semet

182 2253 322 2327 'ipfis
356 2262 413 2306 et
439 2271 510 2305 ex
533 2250 641 2305 illis
671 2249 875 2319 eligere
896 2248 1123 2320 triginta
1156 2257 1210 2301 et
1235 2249 1448 2321 septem
1480 2251 1685 2304 univei
1688 2253 1795 2313 foss
1832 2271 1950 2308 un-

201 2338 562 2418 devigintifx
597 2335 939 2399 adventiciis,
979 2342 1033 2385 et
1078 2332 1323 2402 reliquos
1349 2353 1423 2389 ex
1448 2336 1569 2407 ipsa
1601 2337 1799 2393 Gnoso.
1839 2338 1946 2393 hos

202 2425 385 2479 Cnosii
409 2422 614 2476 civitati
643 2431 773 2474 tuae
798 2419 966 2473 danto
995 2428 1163 2489 teque
1187 2419 1391 2491 ipsum,
1433 2430 1496 2474 ut
1522 2421 1658 2475 civis
1684 2422 1763 2475 fis
1771 2421 1945 2479 huius
2001 2446 2003 2450 ’

201 2508 450 2563 coloniae
491 2524 751 2576 unusque
791 2503 1180 2575 duodeviginti
1225 2503 1513 2573 vilorum,
1550 2507 1947 2603 persuadens&

199 2595 291 2651 vel
314 2592 583 2649 mediocri
609 2589 665 2644 vi
689 2600 961 2661 cogentes.

345 2678 430 2734 cl.
480 2677 635 2750 Quin
676 2686 730 2729 et
766 2686 828 2729 tu
863 2686 918 2729 et
959 2674 1248 2747 Megillu8‚
1286 2694 1321 2728 o
1362 2672 1642 2747 hospe3‚
1622 2696 1687 2732 m
1720 2670 1947 2780 partem

204 2763 496 2818 nobiscum
520 2761 724 2815 venitis
751 2760 992 2815 civitatis
1010 2762 1038 2814 ‘l
1596 2800 1599 2802 -

348 2844 484 2902 Am.
503 2847 694 2903 Valde
730 2849 787 2898 se
826 2847 1055 2911 iactant,
1096 2846 1297 2907 Clinia,
1337 2844 1626 2908 Athenae,-
1647 2848 1811 2904 valde
1849 2859 1942 2904 et-

207 2930 321 2984 iam
343 2929 561 3001 Sparta,
600 2941 653 2984 et
677 2933 873 3004 procul
894 2932 1147 2985 habitant
1166 2933 1459 3002 utriusque
1481 2933 1710 2998 incolae,
1751 2931 1942 2990 tecum

210 3025 395 3069 autem
428 3015 487 3066 in
517 3015 773 3069 omnibus
813 3018 1116 3072 concinunt
1142 3026 1199 3071 ot
1218 3022 1355 3070 eum
1387 3017 1579 3069 ceteris
1605 3016 1943 3074 habitatori-

209 3101 316 3153 bus
355 3098 1102 3170 itidem,.qqemadmodnm
1146 3103 1215 3155 de
1253 3113 1309 3155 te
1351 3120 1502 3155 nunc
1542 3098 1945 3174 ‹licitum-quo-

210 3184 380 3240 modo
417 3181 1055 3253 igitur„commo·disfime
1088 3187 1144 3241 id
1177 3187 1306 3240 fieri
1326 3186 1487 3258 possit
1509 3202 1615 3256 pro
1633 3197 1943 3258 praesente

212 3288 409 3325 rerum
435 3270 591 3338 flatu,
630 3270 937 3342 expositum
975 3272 1113 3339 esto,·
1148 3271 1489 3345 procedente
1523 3289 1658 3325 vero
1685 3279 1956 3344 tempore-

1469 3352 1596 3412 ΧΩ
