2176 3672
683 166 1279 238 ‘LEGEslm
1764 178 1881 237 ιω

149 320 287 385 lium
320 323 518 390 ferret,
553 322 896 380 acerrimum
927 338 1057 377 cum
1083 338 1149 375 ea
1170 318 1383 376 bellum
1420 338 1620 395 gerens
1638 363 1654 391 ‚
1691 324 1871 382 altera

149 428 284 470 vero
296 451 317 477 ,
365 410 571 482 Argue,
620 427 765 480 quae
808 408 1021 483 primas
1063 406 1289 463 tenebat
1321 407 1432 463 illis
1464 407 1871 465 distributionis

150 483 513 571 temporibu8‚
549 494 618 551 ad
642 494 1084 568 propulsandum
1110 492 1417 548 barbarum
1437 504 1737 572 provocata
1765 515 1872 550 ne·-

148 600 264 653 que
291 582 511 636 audiret
546 599 732 652 neque
768 581 1142 654 propulsaret.
1197 579 1378 634 multa
1396 598 1538 636 vero
1560 581 1684 654 quis
1712 581 1782 636 de
1803 582 1874 638 iis

148 684 433 741 exponens
461 685 604 738 quae
630 678 751 721 tum
784 667 845 720 in
871 666 1019 720 bello
1043 665 1138 720 illo
1156 662 1302 720 facta
1326 667 1453 720 sunt
1474 666 1720 729 obiicere
1741 669 1876 741 pos-

145 754 211 806 fit
242 751 509 807 Graeciae
532 751 767 807 minime
792 753 1021 812 decora3
1063 768 1244 822 neque
1265 750 1436 805 etiam
1462 751 1560 823 qui
1581 752 1877 811 Graeciam
1968 804 1971 806 .

149 837 296 892 dicat
319 840 431 893 sese
466 837 768 892 defendisse
794 848 944 891 recte
973 835 1146 903 dicat,
1183 835 1387 905 immo,
1423 837 1524 891 nisi
1562 838 1879 895 Athenien-

147 924 284 978 fium
319 934 374 978 et
392 922 966 979 Lacedaemoniorum
995 939 1297 976 commune
1322 922 1605 976 confilium
1635 927 1878 997 propul-

147 1009 304 1066 safl'et
332 1010 663 1064 servitutem
684 1007 1090 1076 imminentem,
1131 1007 1324 1062 omnia
1343 1005 1461 1060 fere
1481 1005 1594 1061 iam
1616 1010 1879 1080 permix-

151 1104 211 1150 ta
244 1101 413 1150 effent
440 1097 786 1151 Graecorum
823 1111 1029 1164 genera
1065 1092 1212 1147 inter
1244 1094 1302 1147 se
1335 1102 1394 1146 et
1428 1087 1876 1150 barbarica'cum

152 1180 383 1236 Graecis
418 1191 473 1235 et
509 1181 727 1235 Graeca
764 1197 894 1233 cum
927 1177 1246 1247 barbariciS,
1284 1178 1768 1250 quemadmodum
1795 1200 1877 1249 ea,

151 1265 212 1319 in
233 1284 378 1335 quae
403 1265 598 1318 Persae
620 1283 769 1318 nunc
792 1263 1179 1333 dominantur,
1216 1262 1575 1319 distractione
1598 1276 1656 1319 et
1677 1267 1879 1323 confu-

152 1351 300 1403 sione
332 1350 477 1403 male
503 1347 748 1422 dispersa
771 1351 910 1403 sunt.
984 1350 1138 1415 haec,
1163 1369 1196 1402 o
1233 1350 1415 1426 Clinia
1434 1359 1489 1403 et
1510 1351 1750 1423 Megisse,
1771 1354 1881 1408 ha·-

150 1433 348 1488 bemus
388 1435 801 1507 reprehendere
826 1445 944 1489 tam
967 1435 1026 1488 in
1051 1433 1245 1508 priscis
1285 1434 1382 1505 qui
1419 1434 1682 1492 dicuntur
1702 1437 1883 1494 civili-

150 1518 256 1574 bus
282 1520 697 1591 virielegisque
721 1520 990 1574 latoribus
1029 1540 1199 1592 quam
1235 1520 1296 1575 in
1326 1521 1402 1589 eie
1433 1522 1531 1594 qui
1554 1542 1707 1578 nunc
1734 1525 1883 1595 sunt,

149 1616 214 1659 ut
233 1607 419 1660 causas
432 1624 629 1659 eorum
655 1605 1012 1676 exquirentes
1034 1605 1391 1675 inveniamus
1418 1607 1552 1680 quid
1564 1607 1884 1683 aliudprae-

149 1700 237 1746 ter
258 1691 396 1746 haec
435 1691 703 1746 debuisset
727 1691 852 1746 fieri
866 1711 884 1758 3
930 1693 1085 1747 velut
1108 1693 1258 1764 quod
1283 1713 1435 1747 nunc
1459 1693 1724 1761 diximu8,
1766 1716 1885 1750 non

152 1787 415 1849 oportere
455 1796 655 1848 magna
693 1794 877 1845 neque
915 1795 1075 1830 mera
1113 1777 1364 1832 constitui
1388 1778 1603 1851 legibus
1625 1779 1885 1853 imperia,

150 1863 261 1916 hoc
289 1871 637 1935 reputanteS,
677 1860 959 1914 civitatem
996 1861 1233 1915 liberam
1267 1865 1373 1916 efle
1410 1862 1619 1919 debere
1653 1876 1708 1920 et
1742 1886 1885 1939 pru-

154 1948 380 2003 dentem
397 1946 604 2018 sibique
632 1944 886 2011 amicam,
918 1954 974 1998 et
998 1945 1131 2017 legis
1157 1945 1398 2001 latorem
1409 1945 1520 2011 hoc
1539 1950 1884 2021 spectantem

154 2042 416 2106 oportere
440 2033 588 2104 leges
616 2031 784 2086 serre.
822 2051 895 2084 ne
920 2040 1110 2084 autem
1132 2031 1427 2095 miremur,
1463 2034 1507 2087 fi
1526 2035 1742 2108 saepius
1768 2038 1885 2093 iam

151 2128 529 2192 proponentes
556 2118 743 2191 aliqua
779 2114 1085 2171 dixerimus
1103 2116 1244 2170 haec
1265 2117 1607 2192 respicienda
1625 2125 1726 2176 effe
1749 2123 1887 2194 legis

152 2204 321 2273 latori
341 2205 401 2258 in
423 2205 638 2276 legibus
663 2204 875 2271 dandiS,
908 2205 1187 2278 proposita
1212 2223 1351 2259 vero
1380 2224 1497 2258 non
1521 2205 1717 2260 eadem
1738 2208 1887 2263 sem-

152 2307 259 2363 per
298 2288 457 2343 nobis
489 2289 817 2358 videantur3
854 2290 945 2344 sed
984 2300 1246 2364 reputare
1275 2288 1561 2376 debemus,
1599 2294 1637 2345 fi
1665 2302 1885 2367 tempe-

153 2375 398 2431 tantiam
419 2375 671 2430 dicamus
698 2376 751 2431 ei
785 2377 1140 2448 spectandam
1167 2378 1272 2430 effe
1289 2375 1383 2430 vel
1401 2373 1766 2448 prudentiam
1792 2381 1886 2434 vel

156 2461 478 2524 amicitiam.
516 2462 669 2516 hunc
690 2462 864 2516 finem
887 2482 1004 2516 non
1035 2462 1317 2517 diversum
1343 2461 1468 2530 effe,
1496 2462 1590 2515 sed
1615 2463 1887 2532 eundem3

156 2555 212 2600 et
235 2547 344 2603 alia
365 2550 540 2603 multa
566 2549 606 2603 fi
639 2550 982 2622 usurpentur
1021 2547 1316 2617 vocabula,
1355 2567 1430 2602 ne
1453 2548 1885 2622 perturbemini.

300 2676 384 2731 Cl.
423 2675 772 2732 Conabimur
805 2676 883 2731 ita
912 2675 1098 2731 iacere
1133 2677 1414 2730 sermones
1435 2686 1779 2750 repetentes;
1818 2698 1885 2733 ac

163 2778 313 2813 nunc
339 2763 562 2834 quidem
585 2764 654 2816 de
683 2762 928 2816 amicitia
953 2772 1007 2816 et
1030 2762 1334 2835 prudentia
1359 2772 1412 2816 et
1436 2762 1711 2830 libertate,
1750 2763 1887 2835 quid

164 2843 350 2898 dicere
375 2848 616 2902 volueris
641 2849 1003 2922 spectandum
1027 2853 1134 2903 effe
1155 2847 1295 2921 legis
1317 2848 1501 2917 latori,
1539 2848 1771 2921 explica.

307 2970 438 3026 Aah.
486 2971 628 3028 Audi
662 2975 843 3048 igitur.
906 2979 1035 3031 sunt
1088 2994 1283 3032 rerum
1332 2973 1690 3050 publicarum
1737 2977 1887 3045 quasi

169 3064 371 3112 matres
410 3056 549 3113 dnae
584 3063 854 3132 quaedam
875 3106 887 3130 ,
928 3083 994 3118 ex
1034 3063 1233 3138 quibus
1257 3061 1500 3133 reliquas
1525 3061 1767 3116 exsistere
1795 3059 1886 3116 di·-
