2132 3652
653 161 1198 251 Laonsiv.
1687 165 1790 223 255

65 304 692 383 estuantiquissimum
727 306 984 361 omnium
1010 304 1185 377 idque
1217 301 1288 359 ab
1323 301 1584 358 omnibus
1602 305 1791 362 homi-

62 397 307 463 nibuqet
327 393 625 466 nobisipsis
653 393 733 447 ita
759 393 1120 466 appellatum.
1160 408 1264 460 ego
1303 397 1489 444 autem
1526 389 1605 443 ita
1636 411 1791 448 nuno

11 522 26 555 ·.
60 468 638 550 subitoint‘errogatus
660 497 873 558 revera,
911 488 976 532 ut
1000 475 1137 544 dixi,
1173 493 1287 530 non
1314 477 1532 548 pofl'um
1553 475 1793 535 definire

61 583 335 643 quaenam
357 565 420 618 fit
438 565 664 619 illarum
687 563 993 620 civitatum.
1720 553 1736 565 ‘

202 649 284 707 01.
318 650 474 705 Idem
498 650 639 703 mihi
661 649 810 722 quod
835 649 951 716 tibi,
989 646 1230 720 Megille,
1262 646 1494 702 videtur
1510 649 1759 706 accidere
1767 668 1788 715 3

25 731 43 755 ⁴
58 738 285 812 prorsus
310 736 458 790 enim
483 735 679 789 dubito
723 733 1007 788 civitatem
1033 734 1290 789 Gnosiam
1312 751 1420 808 pro
1452 745 1605 790 certo
1630 736 1792 791 affir-

59 839 216 879 mare
243 821 470 876 illarum
501 839 670 874 unam
702 824 821 876 effe.

0 908 2 912 ’
198 905 337 965 Ath.
374 907 590 962 Revera
617 906 786 974 enim,
824 906 1041 979 optimi,
1080 905 1337 961 civitates
1360 902 1616 967 habetis3
1655 926 1793 977 quas

58 1008 191 1047 vero
212 993 458 1046 diximus
500 1012 676 1059 nunc,
716 1011 830 1046 non
859 995 983 1046 sunt
1007 992 1276 1057 civitates,
1312 986 1404 1044 sed
1436 990 1605 1044 urbes
1627 992 1795 1048 habi-

56 1085 206 1131 tatae
229 1077 576 1131 dominantes
612 1088 664 1130 et
689 1077 989 1130 servientes
1013 1076 1298 1131 nonnullis
1321 1076 1406 1129 sui
1429 1077 1700 1149 partibu8‚
1738 1091 1797 1135 et

59 1179 92 1215 e
126 1162 493 1217 dominatoris
534 1165 795 1237 potestate
825 1180 1080 1234 quaeque
1103 1163 1462 1226 nominatur,
1501 1149 1683 1232 quum³
1704 1174 1799 1218 ta-

30 1301 36 1307 ,
57 1264 190 1313 men
210 1258 507 1320 oporteret,
546 1251 580 1302 fi
608 1268 678 1301 ex
703 1248 796 1301 tali
829 1267 893 1301 re
919 1248 1052 1301 urbs
1078 1248 1420 1302 nominanda
1442 1251 1586 1315 esset,
1610 1269 1643 1304 a
1670 1250 1794 1320 deo,

55 1349 193 1388 vero
218 1334 555 1406 sapientium
580 1335 940 1400 dominatore,
979 1332 1352 1387 denominari.

200 1417 283 1472 Cl.
323 1418 465 1491 Quis
493 1430 679 1473 autern
705 1420 796 1473 hic
833 1420 1007 1472 deus?

195 1502 338 1558 Ath.
374 1490 466 1558 An
487 1504 673 1558 fabula
698 1522 927 1576 quoque
949 1503 1263 1576 paullulum
1279 1501 1614 1571 adhibenda,
1639 1505 1799 1558 fivo-

55 1588 244 1645 lumus
270 1599 424 1643 recte
462 1589 878 1659 quodammodo
903 1590 1191 1644 declarare
1208 1589 1358 1662 quod
1385 1605 1538 1643 nunc
1552 1588 1799 1645 interro-

54 1674 354 1748 gavimus?
377 1693 580 1728 -nonne
607 1674 685 1729 ita
711 1674 1041 1730 faciundum
1060 1677 1089 1729 ‘2

201 1758 288 1814 cl.
327 1757 472 1814 Sane
492 1760 740 1830 quidem.

206 1842 341 1904 Ath.
388 1845 503 1899 Illis
545 1845 806 1899 videlicet
861 1845 1098 1899 urbibus
1144 1842 1407 1898 habitatis
1452 1862 1591 1914 quas
1627 1847 1801 1918 supra

66 1929 513 1987 memoravimus
557 1932 737 1985 multo
773 1931 1054 2002 antiquior
1092 1929 1300 1983 dicitur
1335 1930 1612 2000 quaedam
1643 1930 1802 1986 fuiss'e

0 2020 27 2073 ἱ·
69 2028 129 2071 et
161 2016 495 2088 gubernatio
531 2026 586 2069 et
624 2016 892 2070 habitatio
927 2016 1172 2071 Saturno
1197 2024 1470 2083 regnante
1493 2015 1804 2072 admodum

68 2101 255 2168 beata,
297 2100 452 2154 cuius
475 2100 845 2154 imitationem
873 2101 1104 2158 exhibet
1129 2119 1274 2173 quae
1307 2118 1382 2153 ex
1404 2119 1558 2154 nunc
1580 2104 1804 2157 exstan-

6 2191 10 2197 ’
69 2186 219 2249 tibus
239 2186 446 2260 optime
469 2184 902 2240 administratur.

197 2269 297 2339 ‘CL
345 2270 670 2326 Admodum
701 2271 904 2345 igitur,
940 2280 1004 2325 ut
1035 2269 1288 2338 videtur,
1324 2271 1623 2326 conveniet
1647 2272 1716 2326 de
1738 2291 1807 2328 ea

17 2396 21 2414 1.
75 2354 282 2412 audire.
1799 2389 1828 2415 ἆ

217 2439 353 2497 Ath.
390 2439 530 2495 Mihi
556 2440 785 2514 quidem
811 2441 1020 2512 liquet3
1058 2452 1401 2516 quapropter
1420 2442 1592 2498 etiam
1616 2443 1676 2498 in
1690 2461 1809 2498 me·-
1874 2508 1878 2510 ‚

27 2586 30 2588 ,
78 2523 232 2580 dium
260 2544 381 2583 eam
409 2527 660 2580 oratione
685 2527 910 2601 protuli⁴

220 2607 330 2666 Me.
374 2613 688 2668 Rectisfime
730 2624 790 2667 tu
826 2611 1056 2684 quidem
1090 2611 1289 2682 fecisti3
1339 2623 1395 2668 et
1427 2611 1680 2669 fabulam
1717 2614 1809 2667 se·-

32 2735 34 2737 »
81 2704 341 2763 quantem
365 2698 402 2749 fi
420 2697 735 2762 absolveriS‚
763 2697 1243 2771 quemadmodum
1273 2701 1451 2767 decet,
1477 2699 1808 2773 probeageS.

222 2777 349 2832 Ath.
383 2778 729 2839 Faciundum
761 2794 824 2838 ut
847 2784 1044 2841 dicitis.
1093 2783 1246 2839 {ama
1273 2784 1445 2856 igitur
1466 2787 1534 2840 ad
1563 2804 1662 2839 nos
1684 2804 1809 2859 per-

82 2860 242 2914 venit
272 2861 464 2916 beatae
499 2865 723 2922 illorum
754 2870 1051 2925 hominum
1075 2870 1253 2938 vitae,
1291 2873 1444 2943 larga
1470 2890 1593 2926 eam
1621 2869 1811 2927 omnia

83 2946 329 3001 habuisse
369 2947 630 3020 ultroque
664 2952 868 3008 oblata.
913 2955 1075 3010 cuius
1112 2957 1341 3029 quidem
1375 2957 1459 3013 rei
1490 2958 1650 3011 causa
1672 2955 1811 3008 haec

84 3041 465 3088 memoratum
512 3032 785 3091 Saturnus
818 3037 1072 3095 videlicet
1127 3042 1492 3113 cognnfcem,
1531 3037 1811 3110 quemad-

48 3190 51 3195 ·
85 3118 318 3172 modum
350 3116 731 3190 exposuimus,
777 3121 1083 3180 humanam
1110 3137 1372 3182 naturam
1411 3126 1620 3180 nullam
1657 3126 1808 3197 posse

87 3220 178 3266 ras
210 3203 482 3259 humanas
512 3202 579 3257 ad
607 3205 770 3261 suum
813 3208 1107 3267 arbitrium
1139 3214 1450 3288 gubernare
1488 3210 1626 3286 quin
1655 3210 1813 3292 iusq-
