2176 3672
723 190 1100 268 nanas
1172 207 1240 262 11.
1782 202 1850 278 95

269 358 402 422 Aa».
420 344 560 416 *lam
591 357 626 411 fl
649 355 807 430 parvi
836 350 1143 408 admodum
1169 346 1331 423 pueri
1358 345 1632 412 iudicant,
1670 330 1855 402 victo-

134 465 252 506 rem
279 446 565 501 declarant
589 440 865 497 miracula
893 438 1288 498 ostentantem3
1330 433 1557 488 nonne?

240 580 246 587 ·
271 558 355 616 cl.
393 559 510 633 Qui
531 556 602 613 ali
609 566 690 611 ter
703 554 731 608 ’ἲ

270 670 413 731 Ath.
448 671 551 730 Sin
578 671 759 727 maior
748 639 820 724 ea
844 666 1026 741 pueri,
1062 682 1193 719 eum
1216 664 1317 735 qui
1345 660 1660 731 comoedias
1691 661 1861 733 exhi-

132 759 257 831 bet,
292 758 634 833 tragoediam
675 774 810 811 veio
844 751 1172 827 praeferunt
1215 749 1499 804 eruditae
1500 768 1532 802 e
1558 730 1863 824 mulierum

133 865 375 902 numero
418 854 474 899 et
503 833 876 899 adol6scentes
899 848 954 895 et
982 836 1238 893 omnium
1261 820 1387 897 fere
1418 817 1643 890 fortaffe
1660 820 1862 892 multi-

134 932 291 988 tudo.

275 1045 360 1101 CL
396 1046 656 1101 Fortaffe.

282 1158 405 1217 Ath
450 1160 600 1215 Eum
634 1165 850 1220 autem,
897 1151 992 1225 qui
1015 1148 1192 1206 Iliada
1219 1158 1282 1206 et‘
1303 1149 1597 1223 Odyffeam
1624 1149 1721 1205 vel
1740 1150 1863 1206 He-

136 1245 380 1302 fiodeum
414 1242 639 1315 aliquod
674 1256 906 1295 carmen
941 1234 1086 1291 bene
1119 1234 1466 1302 recitaverit,
1506 1235 1731 1292 forsitan
1760 1257 1864 1293 nos

137 1335 291 1386 senes
317 1328 565 1392 maxima
603 1344 732 1380 cum
765 1324 1058 1396 voluptate
1082 1322 1368 1376 audientes
1390 1340 1528 1395 prae
1551 1321 1748 1377 ceteris
1776 1321 1869 1375 di·-

136 1416 389 1471 xerimus
426 1414 672 1488 palmam
706 1409 876 1464 serre.
953 1409 1076 1480 quis
1106 1407 1280 1479 igitur
1312 1415 1467 1462 recte
1490 1406 1782 1463 victoriam
1802 1408 1868 1463 fit

135 1509 543 1575 reportaturus,
582 1494 838 1568 deinceps
867 1493 1169 1548 videndum
1187 1512 1207 1562 3
1243 1492 1472 1550 nonne?

278 1598 357 1658 01.
392 1578 597 1656 Etia'm.

243 1678 415 1757 ssAth.
466 1697 630 1752 Patet
663 1693 809 1750 mihi
830 1704 886 1751 et
910 1695 1061 1751 vobis
1090 1694 1390 1750 dicendum
1414 1677 1541 1764 eff&
1574 1694 1672 1768 qui
1696 1715 1730 1751 a
1755 1715 1868 1752 no·-

138 1784 258 1840 ssris
296 1781 616 1856 aequalibus
644 1780 878 1836 iudicati
914 1779 1128 1834 fuerint
1151 1801 1244 1836 eos
1270 1792 1435 1837 recte·
1446 1782 1743 1837 victoriam
1762 1787 1870 1837 effe

141 1872 356 1924 laturos
367 1887 390 1936 3¹
409 1867 697 1940 ingenium
725 1865 875 1919 enim
898 1865 1148 1920 nostrum
1173 1865 1338 1938 longe
1349 1867 1574 1923 videtur
1595 1867 1874 1924 iuvenum

142 1954 332 2011 indole
352 1951 612 2008 omnibus
633 1950 694 2006 in
721 1949 955 2005 urbibus
984 1959 1040 2005 et
1061 1949 1273 2022 ubique
1297 1950 1666 2026 praestantius
1689 1955 1810 2009 effe.

290 2051 378 2110 el.
414 2050 666 2126 Quidni?

284 2148 424 2208 Ath.
473 2147 733 2206 Concedo
759 2147 931 2219 igitur
956 2148 1067 2204 hoc
1089 2148 1314 2223 quidem
1344 2169 1447 2225 ego
1471 2169 1698 2226 quoque
1718 2151 1877 2207 mul-

147 2235 402 2297 titudini,
442 2237 702 2290 mufioam
728 2236 1012 2308 voluptate
1033 2240 1138 2291 effe
1163 2237 1538 2307 iudicandam,
1574 2255 1759 2310 neque
1785 2246 1877 2292 ta·-

147 2340 283 2378 men
317 2319 694 2394 quorumlibet
728 2318 1024 2374 hominum
1041 2360 1058 2387 ,
1095 2321 1186 2374 sed
1208 2322 1357 2376 hanc
1383 2321 1506 2377 fere
1532 2326 1637 2378 effe
1659 2323 1877 2378 musam

135 2405 584 2483 ‘pulcherrimam
620 2423 764 2478 quac
798 2404 1044 2478 optimos
1080 2407 1316 2479 satisque
1338 2407 1589 2480 excultos
1618 2406 1877 2476 delectet,

147 2491 396 2548 maxime
418 2509 558 2544 vero
586 2507 731 2562 quae
754 2508 935 2545 unum
966 2490 1036 2544 ad
1058 2490 1328 2546 virtutem
1346 2501 1402 2545 et
1415 2490 1763 2564 disciplinam
1783 2491 1876 2545 in-

147 2580 368 2651 fignem.
430 2577 689 2649 quocirca
713 2575 980 2630 virtutem
1005 2575 1244 2630 dicimus
1268 2575 1479 2632 harum
1501 2594 1699 2630 rerum
1722 2576 1879 2631 iudi-

149 2663 305 2718 cibus
326 2661 675 2717 neceffariam
714 2664 837 2728 esse,
873 2679 1050 2733 quum
1080 2680 1193 2714 non
1224 2661 1523 2736 prudentia
1550 2661 1734 2726 modo,
1773 2654 1880 2716 ve-

149 2766 278 2805 rum
333 2746 501 2802 etiam
551 2745 882 2801 fortitudine
917 2755 1177 2820 oporteat
1208 2746 1448 2819 praediti
1489 2747 1607 2801 fint.
1692 2765 1880 2822 neque

152 2831 305 2888 enim
329 2849 363 2885 a
381 2831 602 2885 theatro
648 2831 816 2886 debet
846 2851 1014 2887 verus
1035 2832 1210 2886 iudex
1232 2834 1462 2887 edoctus
1485 2831 1755 2888 iudicium
1786 2832 1880 2887 fa-

153 2933 315 2983 cere,
348 2915 722 2971 multitudinis
754 2917 983 2991 strepitu
1015 2918 1220 2990 suaque
1252 2917 1371 2991 ipse
1387 2916 1606 2973 inscitia
1633 2916 1882 2992 stupefa-

157 3009 310 3066 ctus,
345 3016 526 3071 neque
560 2991 867 3073 cognitione
905 3002 1192 3076 praeditus
1230 3010 1465 3075 propter
1500 3002 1784 3073 ignaviam
1823 3011 1881 3055 et

159 3083 515 3139 timiditatem
538 3086 734 3140 eodem
755 3086 852 3141 illo
877 3106 994 3158 ore,
1033 3106 1144 3159 quo
1169 3087 1302 3141 deos
1327 3087 1693 3140 invocaverat
1715 3102 1883 3140 acce-

159 3170 294 3223 dens
326 3170 394 3222 ad
425 3166 715 3237 iudicium,
747 3171 1099 3227 mendacium
1125 3171 1312 3225 dicens
1337 3171 1740 3224 inconsiderate
1760 3171 1881 3224 sen·

159 3255 390 3308 tentiam
427 3253 606 3318 ferre-3
644 3271 757 3306 non
784 3255 932 3309 enim
970 3255 1294 3330 discipulus,
1337 3256 1425 3307 sed
1458 3255 1638 3329 potius
1666 3256 1876 3316 doctor.

163 3352 226 3396 ut
246 3359 348 3415 par
380 3341 481 3409 est,
517 3339 890 3411 spectatorum
911 3338 1082 3394 iudex
1123 3341 1271 3395 sedet
1296 3350 1350 3396 et
1380 3340 1774 3395 adversaturus
1797 3340 1875 3391 eis
