2176 3672
816 261 1316 320 LEGESI.
1870 274 1940 332 65

198 404 604 480 impudentiam
633 405 877 478 appellat
902 405 1329 478 maximumque
1358 406 1573 464 malum
1596 409 1860 482 privatim
1884 424 1941 471 et

195 489 426 569 publice
455 490 718 545 omnibus
746 485 1054 546 existimat?

341 575 425 632 CI,
463 575 635 631 Recte
662 575 815 631 dicis.
1680 639 1689 649 ἱ

334 660 473 717 Atta.
510 661 632 716 Iam
661 678 836 733 quum
859 659 919 716 in
941 657 1176 733 reliquis
1198 661 1387 717 multis
1409 664 1739 739 magnisque
1764 664 1941 725 timor

192 764 297 801 nos
319 745 414 801 hic
439 748 646 812 servat,
686 758 807 802 tum
838 742 1132 801 victoriam
1162 747 1221 800 in
1247 747 1393 802 bello
1419 758 1472 804 et
1503 750 1756 820 salutem,
1795 755 1836 809 fi
1860 756 1937 810 al-

191 842 390 887 terum
418 851 551 888 cum
577 834 757 888 altero
782 832 1219 904 comparaveris),
1254 829 1395 886 nihil
1417 842 1573 889 tanto
1593 856 1767 911 opere
1778 839 1939 896 nobis

194 914 400 981 efficit3
454 917 567 972 duo
605 918 754 974 enim
793 919 924 971 sunt
957 934 1102 987 quae
1135 916 1435 971 victoriam
1471 916 1748 984 efficianu
1782 924 1938 980 fidu..

191 1002 278 1057 cia
320 1001 588 1059 adversus
627 1004 806 1060 hostes
853 1011 909 1056 et
937 1003 1112 1058 timor
1143 1001 1214 1056 ab
1246 1001 1438 1057 amicis
1470 1005 1648 1077 turpis
1666 1004 1934 1067 infamiae

188 1085 365 1144 causa.

334 1170 419 1232 CI.
456 1170 604 1230 Sunt
623 1170 738 1230 ista.

330 1259 470 1319 Atlz.
511 1247 778 1314 'Timor-is
818 1255 991 1330 igitur
1025 1262 1321 1329 expertem
1361 1273 1646 1330 quemque
1680 1262 1929 1321 nostrum

189 1353 411 1416 oportet
428 1348 534 1398 effe
562 1353 619 1397 et
647 1341 908 1397 timidum
929 1367 946 1409 ς
982 1350 1038 1393 et
1065 1359 1240 1413 quam
1265 1338 1338 1394 ob
1353 1345 1575 1398 causam
1592 1335 1924 1421 utrumque,

188 1428 612 1502 explicavimus·

329 1512 412 1568 Gt.
448 1514 597 1570 Sane.
621 1510 871 1586 quidem.

324 1598 457 1653 ΑιῙι.
496 1595 615 1655 Iam
635 1601 856 1655 timoris
880 1611 1169 1674 expertem
1196 1597 1236 1654 fi
1265 1618 1551 1674 quemque
1563 1595 1810 1673 reddere
1825 1592 1923 1661 {ro-

181 1683 387 1751 lumus,
422 1682 485 1738 in
509 1686 822 1740 multorum
852 1685 1126 1742 timorum
1152 1687 1462 1744 tumultum
1488 1706 1619 1745 eum
1640 1689 1923 1747 inducen-

182 1779 265 1825 tea
283 1771 453 1825 talem
471 1770 757 1826 efficimus.

326 1852 413 1911 CI.
452 1856 723 1931 Apparet.
1772 1926 1774 1930 ‚

322 1938 460 1995 Ath.
521 1941 680 2016 Quid
718 1956 855 1997 vero
904 1961 1078 2016 quum
1114 1938 1378 1998 timidum
1415 1939 1663 2015 aliquem
1701 1934 1924 1999 efficere

184 2027 442 2081 volumus
471 2024 612 2093 iure,
640 2045 831 2080 nonne
856 2046 987 2083 cum
1020 2027 1369 2100 impudentia
1402 2047 1533 2082 eum
1558 2029 1920 2082 committen-

180 2123 265 2167 tes
291 2121 347 2166 et
371 2109 430 2164 in
454 2129 519 2164 ea
538 2121 864 2166 exercentes
894 2113 1113 2167 efficere
1137 2112 1405 2167 debemus
1434 2121 1497 2167 ut
1523 2105 1787 2166 adversus
1810 2128 1920 2167 vo-

177 2199 415 2271 luptates
460 2194 584 2249 fuas
619 2215 876 2268 pugnans
907 2190 1134 2252 vincat?
1169 2217 1359 2251 annon
1397 2198 1660 2252 adversus
1684 2196 1920 2252 vivendi

176 2282 455 2340 rationem
498 2298 670 2352 quam
706 2282 1040 2352 sequebatur
1089 2278 1436 2356 pugnantem
1470 2300 1716 2353 eumque
1751 2279 1920 2356 supe-

177 2379 399 2425 rantem
437 2368 516 2421 ita
548 2364 864 2440 perfectum
900 2362 1086 2439 ipsum
1115 2359 1250 2421 'fieri
1283 2375 1509 2440 oportet
1527 2360 1599 2420 ad
1630 2365 1919 2435 virtutem,

177 2455 521 2527 quicumque
554 2471 692 2506 vero
718 2451 1011 2525 imperitus
1049 2452 1224 2508 fuerit
1251 2473 1352 2508 nec
1379 2451 1721 2507 exercitatus
1744 2451 1804 2506 in
1825 2450 1916 2507 his

180 2538 593 2605 certaminil›u3‚
621 2556 695 2591 ne
730 2536 1021 2594 dimidium
1049 2539 1277 2610 quidem
1307 2539 1532 2593 virtutis
1559 2538 1917 2608 assequetur?

177 2634 522 2699 temperatus
552 2621 730 2697 igitur
761 2643 904 2679 num
947 2619 1197 2696 perfecte
1234 2624 1338 2680 erit
1360 2623 1656 2696 quisq'uam
1683 2621 1779 2695 qui
1807 2625 1917 2678 ad-

175 2712 367 2765 versus
391 2709 596 2765 multas
619 2708 933 2783 voluptates
959 2719 1015 2763 et
1042 2704 1374 2783 cupiditates
1403 2709 1473 2762 ad
1499 2699 1914 2781 impudentiam

179 2803 236 2850 et
260 2792 578 2850 iniustitiam
607 2795 965 2869 impellentes
990 2815 1108 2849 non
1126 2793 1483 2851 dimicaverit
1504 2810 1608 2847 nec
1630 2813 1720 2847 eas
1749 2795 1915 2867 supe-

176 2878 393 2934 raverit
412 2881 664 2935 oratione
690 2892 746 2935 et
772 2901 836 2935 re
861 2891 918 2935 et
944 2893 1062 2936 arte
1087 2890 1144 2936 et
1155 2880 1278 2936 ioco
1311 2886 1368 2934 et
1394 2876 1553 2948 serio‘,
1589 2878 1683 2933 sed
1703 2876 1913 2932 horum

180 2964 434 3019 omnium
458 2982 657 3039 expers
685 2964 860 3022 fuerit
878 2967 906 3019 ‘3

322 3045 404 3101 CI.
438 3049 804 3125 Nequaquam
832 3053 1186 3108 verisimilem
1215 3051 1324 3106 hoc
1346 3048 1516 3103 habet
1538 3047 1836 3103 rationem.

318 3131 458 3188 Ath.
494 3133 648 3208 Quid
666 3137 874 3209 igitur?
912 3138 1198 3192 timorisne
1218 3134 1531 3192 remedium
1557 3132 1692 3185 deus
1713 3133 1911 3207 aliquia

179 3218 330 3273 dedit
368 3218 713 3286 hominibuS,
760 3232 854 3291 ut,
892 3241 1003 3293 quo
1039 3224 1163 3295 plus
1191 3220 1467 3294 quispiam
1493 3216 1610 3269 eius
1634 3216 1805 3282 bibat,
1844 3237 1909 3270 eo

178 3303 353 3374 magis
397 3305 450 3355 se
484 3303 668 3375 ipsum
695 3315 856 3378 putet
879 3325 1095 3377 quaque
1129 3306 1359 3379 potione
1392 3300 1669 3356 infelicem
1693 3299 1814 3353 fieri
1849 3310 1904 3351 et

177 3390 489 3461 praesentia
532 3399 586 3442 et
625 3391 814 3446 sutura
851 3390 942 3444 fibi
984 3390 1173 3445 omnia
1210 3390 1431 3446 timeat.
1472 3385 1809 3454 tandemque
1842 3384 1901 3435 in

266 3477 421 3530 Tom-
471 3475 568 3526 Vl.
1499 3471 1547 3523 E
1831 3486 1836 3494 ’

2054 1425 2076 1451 λ
