2132 3652
770 157 1150 221 LEGES
1223 158 1317 216 lv.
1823 163 1917 218 ’.ᾖ

331 268 480 360 Ath:
529 302 606 358 Et
644 300 855 357 dictum
879 310 1074 356 tamen=
1101 318 1135 355 a
1159 298 1320 354 nobis
1344 301 1419 353 est
1442 319 1557 354 non
1593 304 1757 356 semol
1773 343 1788 370 ‚
1818 304 1935 372 sed,

200 388 430 464 opinor,
466 387 709 462 saepius3
750 405 848 442 vos
883 396 1076 442 autem
1112 385 1335 442 fortasse
1363 404 1471 443 nee
1496 386 1703 441 vidistis
1730 389 1937 443 civita-

194 477 317 528 tem
340 474 715 547 tyrannicam.

342 560 427 616 C'l.
464 559 658 632 Neque
696 558 864 614 etiam
899 557 1160 631 equidem
1200 556 1435 632 cupidus
1459 560 1585 614 sum
1608 558 1786 614 huius·
1809 558 1939 632 spe-

199 646 480 787 etamlaeldlth.
506 731 577 786 At
590 749 723 785 vero
738 699 850 786 lioc
862 732 1075 805 spectes
1088 729 1147 784 in
1158 749 1222 785 ea
1235 733 1386 805 quod
1397 732 1567 787 modo
1590 729 1931 787 dicebamus.

339 817 420 874 Cl.
461 816 789 892 Quidnam?

333 902 470 958 Atlz..
507 902 661 957 Nihil
687 924 831 977 opus
858 905 931 958 est
958 901 1242 957 laboribus
1273 919 1458 972 neque
1483 902 1756 973 perlongo
1784 866 1945 954 tem·

194 1006 334 1062 pore
358 999 601 1060 tyranno
639 989 877 1042 civitatis
905 1006 1086 1042 mores
1109 996 1327 1040 mutate
1351 988 1591 1052 volenti,
1631 989 1721 1040 sed
1748 987 1935 1058 ipsum

197 1083 417 1146 oportet
438 1075 688 1146 primum
718 1075 866 1128 hanc
892 1075 1041 1126 viam
1073 1073 1303 1143 ingredi,
1345 1093 1456 1145 qua
1471 1074 1619 1127 cives
1643 1073 1935 1146 impellere

194 1160 441 1212 voluerit
463 1163 574 1212 live
598 1161 663 1212 ad
689 1161 914 1214 virtutis
935 1157 1110 1211 studia
1136 1161 1243 1211 five
1265 1161 1331 1212 ad
1362 1150 1735 1219 contrarium,
1753 1158 1937 1231 ipsum

193 1243 446 1315 primum
471 1245 661 1296 omnia
693 1245 1158 1317 praescribentem
1184 1244 1428 1315 agendo,
1467 1244 1574 1297 alia
1604 1243 1934 1297 laudantem

195 1338 250 1381 et
274 1328 640 1383 honorantem
663 1371 678 1396 ‚
713 1331 822 1384 alia
856 1331 1270 1402 vituperantem
1290 1370 1305 1396 ,
1349 1339 1405 1381 et
1430 1330 1649 1400 lingulis
1670 1330 1731 1383 in
1755 1329 1935 1382 actio-

191 1415 356 1467 nibus
387 1434 517 1468 eum
551 1416 646 1484 qui
674 1435 788 1469 non
820 1416 1043 1469 obediat
1066 1415 1369 1485 ignominia
1394 1414 1751 1469 afficientem.

342 1490 428 1554 G'l.
469 1501 543 1554 Et
568 1520 679 1570 quo
705 1512 867 1573 pacto
890 1510 1160 1572 putamus
1187 1501 1296 1553 cito
1328 1502 1659 1571 sequuturos
1694 1503 1801 1554 effe
1826 1518 1933 1554 ³re·

189 1584 373 1659 liquos
400 1585 548 1640 cives
575 1605 704 1639 eum
729 1588 826 1659 qui
850 1587 1019 1639 talem
1047 1586 1418 1660 persuadendi
1441 1587 1721 1640 rationem
1745 1585 1932 1640 stmul-

191 1691 299 1743 que
332 1671 452 1724 vim
478 1680 672 1724 nactus
699 1668 915 1726 fuerit?

331 1755 473 1811 Ath.
522 1756 705 1808 Nemo
739 1755 898 1807 nobis
931 1756 1292 1825 persuadeat,
1329 1755 1527 1816 amici.
1567 1755 1678 1809 alia
1714 1755 1930 1809 ratione

191 1841 427 1894 celeiius
469 1851 525 1893 et
556 1839 770 1892 facilius
810 1839 1088 1910 civitatem
1137 1858 1411 1909 umquam
1437 1849 1787 1894 mutatutam
1823 1843 1930 1893 effe

190 1926 338 1997 leges
360 1944 528 1996 quam
559 1944 741 1996 impet
745 1935 961 1978 antium
994 1907 1165 1978 ductu
1194 1933 1247 1977 et
1271 1925 1554 1997 exemp10,
1568 1942 1751 1995 neque
1774 1942 1929 1977 nunc

193 2012 356 2064 alite1
393 2009 515 2063 fieri
558 2028 742 2079 neque
778 2010 1079 2079 aliquando
1118 2009 1332 2063 factum
1369 2008 1469 2075 iri·
1520 2009 1730 2062 etenim
1765 2006 1928 2062 nobis

190 2097 299 2150 hoc
326 2115 436 2148 non
463 2097 533 2148 est
555 2096 763 2165 aliquid
792 2096 938 2167 quod
971 2095 1096 2160 fieri
1122 2103 1364 2165 nequeat
1386 2112 1572 2165 neque
1596 2093 1749 2164 quod
1774 2089 1930 2145 diffia,

190 2182 293 2235 cile
319 2182 385 2234 fit
409 2181 555 2234 factu
575 2221 590 2247 ‚
638 2181 730 2233 sed
769 2182 876 2235 hoc
910 2184 984 2234 est
1017 2180 1239 2235 difficile
1269 2180 1422 2233 factu
1446 2196 1691 2249 raroque
1711 2176 1926 2230 factum

187 2277 303 2320 tam
327 2268 558 2337 longum
583 2275 838 2336 tempus;
881 2267 1032 2336 quod
1071 2277 1260 2319 autem
1288 2267 1325 2319 fi
1349 2265 1671 2336 contigerit,
1706 2260 1927 2317 infinita

189 2352 493 2423 omniaque
517 2350 579 2404 in
602 2349 829 2404 civitate
865 2350 1011 2407 bona
1048 2352 1274 2419 efficiet,
1321 2351 1382 2407 in
1409 2364 1761 2424 quacumque
1785 2356 1927 2406 eve-,-

188 2437 356 2494 uerit.

332 2521 415 2577 CI.
455 2519 745 2595 Quidnam
772 2520 968 2576 dicis?¹

328 2608 470 2668 Ath.
512 2607 570 2662 Si
595 2607 823 2660 divinus
850 2615 1289 2678 temperatorum
1312 2609 1694 2678 iustorumque
1716 2598 1925 2657 studio-

190 2711 320 2748 rum
354 2713 513 2748 amor
546 2690 605 2744 in
644 2691 865 2762 magnis
898 2692 1236 2763 quibusdam
1268 2690 1751 2749 dominationibus
1776 2688 1923 2741 exfi-

193 2778 310 2837 stat,
330 2777 389 2830 in
408 2777 605 2848 quibus
616 2779 706 2832 vel
722 2798 866 2832 unus
879 2779 1026 2851 regit
1039 2780 1128 2833 vel
1143 2780 1346 2835 divitiis
1362 2782 1451 2836 vel
1465 2794 1739 2852 generum
1752 2770 1922 2829 nobi-

196 2860 355 2940 wate
384 2861 718 2924 eminentes;
755 2874 854 2917 aut
884 2866 921 2919 fi
951 2866 1179 2936 quando
1202 2866 1478 2939 quispiam
1502 2862 1740 2920 Nestoris
1761 2860 1921 2929 inge-

195 2943 354 2998 nium
390 2946 661 3011 attulerit,-
697 2966 863 3017 quem
901 2949 1126 3006 dicendi
1148 2950 1412 3006 facultate
1435 2950 1628 3003 dicunt
1659 2941 1919 2998 omnibus

195 3027 509 3101 praestitisse
537 3028 857 3087 hominibus
873 3044 927 3088 et
952 3038 1127 3110 magis
1143 3037 1312 3092 etiam
1337 3031 1704 3106 temperantia
1732 3026 1916 3082 excel-

196 3111 383 3178 luiffe,·
419 3121 475 3166 et
499 3113 603 3166 hoc
629 3116 853 3183 quidem
875 3120 1078 3177 Troiae
1106 3119 1466 3195 temporibu8‚
1495 3127 1558 3172 ut
1584 3115 1792 3182 dicunt,
1828 3109 1919 3166 fa·-

199 3205 355 3251 ctum
391 3198 489 3262 est,
537 3199 728 3253 nostris
762 3200 1227 3279 haudquaquam,
1272 3205 1465 3278 quodsi
1496 3203 1664 3275 igitur
1697 3197 1807 3254 fuit
1830 3194 1918 3248 vel

200 3282 310 3338 orit
336 3282 427 3338 vel
458 3302 621 3340 nunc
631 3286 881 3343 nostrum
907 3291 1031 3361 quis
1070 3295 1146 3349 est
1186 3292 1337 3360 tatis,
1373 3292 1533 3349 beato
1565 3299 1623 3346 et
1644 3288 1759 3362 ipsc
1785 3278 1918 3337 vivit
