2176 3672
644 76 657 83 ·
746 69 758 100 Ι

823 96 1341 198 -LEGEsL
1823 125 1967 218 555

380 280 516 341 mla.
555 279 753 353 Neque
779 288 967 335 tamen
996 278 1052 333 id
1081 280 1230 351 quod
1258 278 1493 334 dicimus
1519 285 1621 334 effe
1644 285 1852 339 cultum
1882 284 1972 341 iu-

237 367 462 441 finitum
488 365 852 439 relinquatur.
891 384 1043 433 nunc
1069 364 1218 419 enim
1245 364 1645 437 exprobrantes
1672 370 1966 426 etlaudan-

238 462 321 508 tes
356 450 698 525 {iugulorum
737 450 1088 504 educationes
1131 450 1363 504 dicimus
1394 450 1545 505 hunc
1578 469 1649 505 ex
1670 453 1834 507 nobis
1863 473 1962 508 ex·-

236 538 446 594 cultum
476 524 597 598 effa
635 536 794 591 illum
828 537 1008 590 cultus
1039 544 1348 608 expertem,
1387 535 1514 590 licet
1534 556 1962 611 nonnumquam

233 622 490 681 homines
519 623 626 676 sint
650 622 709 675 in
732 622 813 675 rei
844 621 1151 692 cauponiae
1175 630 1230 674 et
1251 622 1508 675 nauticae
1532 621 1880 696 aliarumque
1904 626 1965 679 id

230 697 406 783 genus
439 707 678 781 negotiis
702 707 1005 761 admodum
1028 706 1258 772 versati,
1303 726 1484 778 neque
1515 708 1664 762 enim
1690 707 1858 774 hunc,
1897 718 1964 763 ut

233 805 409 869 patet,
447 798 552 850 effe
580 795 793 848 cultum
828 792 1172 848 arbitramur
1197 810 1299 845 nos
1328 792 1424 863 qui
1449 812 1602 847 nunc
1625 793 1958 859 disserimus,

214 881 325 938 xsed
368 870 768 935 institutionem
814 898 846 930 a
884 876 1126 949 pueritia
1164 876 1482 932 inchoatam
1519 874 1673 949 quaex
1688 880 1962 934 virtutem

232 968 444 1038 spectet
465 965 638 1036 idque
666 962 870 1017 efficiat
893 972 959 1016 ut
987 962 1136 1015 idem
1160 973 1216 1016 et
1238 961 1521 1036 perfectus
1548 962 1670 1016 fieri
1691 964 1830 1017 civis
1857 985 1961 1018 cu-

232 1052 358 1124 piat
384 1060 439 1103 et
463 1052 599 1104 iuste
624 1060 735 1102 tam
764 1049 1040 1117 imperare
1066 1065 1234 1116 quam
1258 1065 1458 1119 parere
1481 1047 1630 1101 velit.
1669 1049 1959 1103 hancedu·

230 1136 507 1189 cationem
544 1137 801 1207 separans
835 1133 972 1186 haec
1008 1133 1211 1198 oratio,
1249 1144 1314 1186 ut
1344 1134 1485 1188 mihi
1511 1134 1770 1201 videtur,
1805 1153 1959 1188 nunc
2045 1165 2064 1179 ι

229 1222 344 1274 volt
371 1220 544 1272 solum
579 1220 791 1272 cultum
818 1216 1115 1288 appellare,
1158 1236 1287 1271 eum
1317 1238 1455 1273 vero
1483 1219 1573 1290 qui
1598 1219 1669 1273 ad
1693 1219 1958 1292 pecunias

226 1307 434 1378 spectet
457 1304 544 1357 vel
572 1304 637 1357 ad
663 1302 839 1356 robur
858 1303 1080 1374 aliquod
1108 1303 1351 1357 aliamve
1384 1323 1550 1376 quam
1578 1305 1957 1378 sapientiama

224 1390 440 1445 ratione
462 1399 513 1443 et
537 1388 739 1443 iustitia
772 1389 1093 1455 seiunctam,
1110 1390 1294 1443 sordid
1304 1400 1405 1455 un
1424 1400 1480 1444 et
1499 1391 1828 1446 illiberalem
1849 1395 1953 1446 esse

223 1474 357 1529 dicit
389 1493 494 1528 nec
533 1475 763 1528 omnino
802 1474 1033 1545 dignum
1078 1475 1175 1545 qui
1209 1477 1395 1530 cultus
1427 1478 1773 1532 nominetur.
1847 1496 1952 1531 nos

220 1560 390 1633 igitur
421 1575 776 1631 nequaquam
815 1558 1055 1612 nominis
1090 1560 1249 1614 causa
1273 1561 1423 1616 inter
1448 1581 1548 1616 nos
1572 1560 1951 1632 dissideamus,

221 1646 312 1700 sed
353 1646 495 1701 ratio
538 1663 682 1717 quae
717 1645 866 1700 inter
902 1664 1006 1699 nos
1039 1665 1190 1700 nunc
1231 1648 1494 1703 convenit
1515 1659 1759 1719 maneto,
1799 1657 1950 1713 recte

221 1732 472 1786 excultos
509 1730 631 1785 sere
666 1731 839 1784 bonos
879 1733 1154 1804 exfistere‚
1192 1733 1502 1805 iccircoque
1536 1737 1754 1791 cultum
1789 1736 1947 1790 nullo

218 1816 386 1871 modo
416 1820 521 1870 effe
542 1815 972 1886 negligendum,
1011 1836 1187 1888 quum
1222 1818 1406 1891 prima
1435 1838 1630 1875 rerum
1660 1821 1947 1894 praestan-

222 1902 550 1956 tiffimarum
602 1901 831 1972 optimis
882 1902 1017 1955 viris
1051 1903 1218 1970 adfit3
1272 1913 1327 1956 et
1367 1905 1405 1957 fi
1448 1907 1670 1974 quando
1711 1906 1948 1961 excedat

218 1988 489 2059 possitque
511 1987 854 2058 corrigi‚hoc
877 1989 1096 2059 semper
1110 1986 1437 2043 faciundum
1460 1993 1571 2043 esse
1589 1991 1791 2062 cuique
1809 1991 1944 2046 dum

218 2070 378 2127 vivat
406 2091 515 2147 pro
541 2072 775 2127 viribus,

354 2198 436 2254 ΟΖ.
470 2200 643 2255 Recte
666 2220 824 2269 vem,
863 2209 917 2253 et
939 2199 1296 2257 concedimus
1319 2219 1463 2272 quae
1491 2201 1641 2254 dicis.

354 2326 491 2386 Ath.
508 2328 690 2398 Atque
705 2327 868 2380 etiam
884 2326 1099 2380 dudum
1117 2328 1475 2382 concessimus
1492 2327 1677 2393 ‚bonos
1710 2332 1813 2383 effe
1843 2327 1938 2400 qui

212 2410 306 2466 fibi
330 2411 428 2487 ipsi
451 2411 728 2484 imperare
754 2415 982 2486 possent,
1021 2403 1197 2468 malos
1224 2431 1354 2469 vero
1380 2414 1615 2485 quinon
1646 2417 1877 2488 poffent.
2028 2400 2033 2409 ’

365 2541 448 2598 Gl.
485 2539 636 2594 Dicis
659 2540 975 2594 rectisfime.

354 2666 490 2724 Ath.
526 2670 719 2738 Itaque
751 2666 950 2720 clarius
976 2667 1139 2722 etiam
1153 2678 1470 2740 repetamus
1484 2670 1587 2724 hoc
1600 2667 1779 2742 ipsum
1799 2661 1932 2737 quid

215 2751 440 2807 tandem
462 2751 726 2807 dicamus.
790 2762 954 2824 alque
981 2755 1118 2810 mihi
1144 2775 1244 2828 per
1267 2755 1568 2828 imaginem
1598 2765 1652 2807 et
1679 2754 1935 2807 fimilitu-

195 2836 406 2893 'dinem
431 2839 681 2909 accipite,
720 2841 753 2891 si
786 2838 925 2893 sorte
949 2858 1070 2895 rem
1096 2840 1252 2894 vobis
1279 2840 1555 2912 potuerim
1583 2841 1882 2895 declarare.

364 2951 448 3003 cl.
486 2952 589 3005 Dic
609 2953 791 3007 modo,

360 3060 490 3117 Aah.
543 3065 737 3119 Nonne
786 3068 1091 3138 quemlibet
1130 3068 1371 3124 nostrum
1416 3088 1591 3124 unum
1624 3070 1803 3143 ipsum
1827 3084 1934 3138 po·-

220 3146 453 3202 namus?

364 3262 448 3317 (fl.
492 3261 688 3315 Etiam.
