2124 3672
793 169 1171 227 LEGES
1243 169 1283 223 Ι.
1834 174 1902 228 25

183 323 491 381 tumtenet,
530 313 848 387 prudentia,
887 323 941 368 et
966 312 1266 368 secundum
1299 315 1414 387 post
1440 326 1685 371 mentem
1712 320 1902 375 locum

181 410 524 474 temperatus
545 399 722 454 animi
741 399 999 468 habitus3
1037 418 1109 453 ex
1134 397 1221 453 his
1244 417 1372 453 cum
1393 398 1729 457 fortitudine
1761 422 1902 459 con-

181 486 382 542 iunctis
404 486 604 545 exsistit
623 503 769 557 quae
794 475 1024 539 tertium
1037 485 1222 539 locum
1250 485 1674 543 obtinetiustitia
1686 498 1739 543 et
1759 506 1905 560 quae

183 581 468 643 quartum,
505 571 794 626 fortitudo.
830 572 1136 624 lmec'vero
1158 571 1349 627 omnia
1377 571 1488 626 illis
1510 575 1720 628 natura
1744 594 1905 648 prae-

182 657 354 730 pofita
388 657 542 719 sunt,
581 665 750 728 atque
784 656 953 710 etiarn
988 656 1122 728 legis
1164 656 1332 710 latori
1366 656 1460 712 hic
1491 659 1796 716 servandus
1832 665 1906 716 est

183 742 342 800 ordo.
414 741 615 796 deinde
649 742 995 796 monendum
1033 742 1082 795 ei
1121 744 1192 795 est
1225 742 1440 814 reliqua
1461 743 1677 799 civibus
1697 745 1908 803 horum

183 829 346 882 causa
377 827 718 901 praescripta
743 832 866 893 effe,
905 838 959 881 et
985 846 1055 881 ex
1081 826 1168 881 his
1188 827 1439 881 humana
1459 830 1527 882 ad
1559 829 1777 900 divina,
1815 833 1909 887 di-

184 913 319 967 vina
340 932 475 967 vero
503 914 572 967 ad
597 914 915 967 universam
958 922 1200 966 mentem
1244 930 1388 983 quae
1413 915 1797 986 principatum
1819 927 1907 972 te-

184 1008 313 1053 neat
336 1000 598 1071 spectare.
675 1009 729 1053 et
766 1000 915 1069 quod
940 998 1008 1051 ad
1037 997 1260 1068 nuptias
1285 996 1485 1051 attinet
1512 998 1661 1053 inter
1685 1001 1740 1052 se
1766 1021 1909 1055 con-

185 1084 413 1150 ciliataS,
452 1083 650 1139 deinde
682 1085 748 1137 ad
775 1083 1083 1136 liberorum
1108 1083 1521 1154 procreationes
1546 1095 1600 1139 et
1636 1084 1909 1142 educatio-

183 1188 320 1232 nes,
359 1181 470 1223 tam
503 1170 874 1223 masculorum
907 1184 1077 1238 quam
1101 1165 1506 1236 femineorum,
1544 1172 1651 1225 five
1678 1172 1908 1227 iuvenes

183 1256 313 1309 sunt
343 1257 454 1308 five
486 1263 665 1308 aetate
706 1252 962 1325 provecti
997 1270 1172 1323 usque
1205 1253 1272 1307 ad
1313 1255 1669 1323 senectutem,
1708 1277 1909 1314 curare

183 1339 350 1393 debet
378 1349 442 1394 ut
465 1349 615 1394 recte
642 1338 861 1391 honore
884 1337 1084 1391 afficiat
1108 1348 1162 1392 et
1186 1339 1527 1411 ignominia;
1566 1342 1626 1396 in
1648 1343 1908 1400 omnibus

182 1425 390 1479 horum
424 1423 916 1480 communitatibus
945 1416 1318 1495 aegritudines
1343 1443 1541 1480 eorum
1568 1437 1622 1481 et
1645 1429 1908 1502 volupta-

182 1519 264 1564 tes
290 1521 346 1564 et
375 1511 704 1583 cupiditates
738 1510 1104 1581 omniumque
1118 1530 1375 1566 amorum
1395 1514 1775 1568 contentiones
1798 1521 1908 1569 ex-

182 1596 412 1669 plorare.
431 1607 482 1650 et
511 1596 809 1650 observare
829 1595 1010 1663 debet,
1036 1605 1098 1649 ut
1116 1606 1267 1650 recte
1291 1617 1379 1651 eas
1411 1598 1686 1671 vituperet
1710 1609 1764 1653 et
1782 1601 1909 1653 lau-

184 1681 280 1735 det
302 1679 424 1753 ipfis
451 1681 695 1754 legibus3
744 1684 805 1735 in
833 1681 1137 1736 iracundiis
1179 1701 1349 1755 porro
1376 1694 1431 1737 et
1455 1683 1751 1737 timoribus
1779 1703 1907 1737 om-

184 1765 459 1836 nibusque
486 1786 626 1839 quae
649 1768 707 1821 in
736 1767 960 1822 fortuna
984 1767 1218 1821 adversa
1242 1768 1687 1839 perturbationes
1703 1770 1762 1822 in
1780 1771 1910 1824 ani-

183 1870 280 1905 mo
319 1853 577 1912 oriuntur
617 1864 673 1908 et
711 1871 853 1923 quae
887 1854 947 1909 in
977 1853 1208 1907 fortuna
1232 1853 1472 1907 secunda
1499 1856 1806 1909 earundem
1833 1855 1910 1908 li·-

186 1936 499 1990 berationes
518 1978 532 2004 ‚
588 1948 644 1991 et
662 1937 734 2000 tin
772 1939 835 1990 iis
865 1938 1250 1992 affectionibus
1278 1956 1415 2008 quas
1440 1938 1621 1991 morbi
1652 1940 1746 1992 vel
1767 1939 1910 1994 bella

187 2023 275 2075 vel
310 2025 563 2093 egestates
601 2022 925 2077 hominibus
955 2021 1199 2076 afferunt
1242 2039 1551 2091 earumque
1590 2023 1908 2077 contrariis:

184 2107 357 2180 igitur
391 2107 451 2160 in
485 2106 747 2160 omnibus
790 2107 875 2159 his
900 2108 1032 2179 quid
1061 2109 1122 2161 in
1149 2108 1417 2178 cuiusque
1443 2106 1746 2160 affectionis
1769 2110 1909 2163 statu

183 2193 405 2266 pulchri
435 2194 517 2245 vel
555 2202 723 2263 turpe
747 2192 895 2252 infit,
935 2194 1138 2244 docere
1171 2202 1226 2244 et
1254 2192 1487 2246 definire
1513 2210 1642 2246 eum
1668 2202 1906 2265 oportet.

186 2278 387 2331 deinde
406 2278 537 2348 legis
559 2277 722 2330 latori
750 2278 935 2330 variae
958 2296 1094 2348 quas
1114 2277 1262 2330 cives
1279 2279 1587 2346 sequuntur
1608 2277 1910 2350 acquiren-

187 2365 319 2419 diet
343 2363 704 2417 consumendi
725 2363 969 2417 rationes
997 2362 1372 2416 observandae
1404 2363 1460 2414 su
1472 2372 1550 2429 nt,
1588 2373 1820 2417 mutuae
1848 2364 1910 2417 in

185 2451 276 2507 his
311 2449 571 2506 omnibus
602 2448 1017 2504 coniunctiones
1052 2458 1105 2502 et
1139 2448 1529 2502 disiunctione-s
1558 2456 1673 2501 tam
1709 2449 1906 2502 volen-

186 2537 331 2592 tium
352 2554 526 2608 quam
550 2536 882 2600 invitorum,
920 2543 977 2587 et
1002 2534 1059 2588 in
1085 2534 1306 2604 fingulis
1332 2532 1648 2597 huiusmodi
1674 2532 1911 2587 actioni-

188 2622 453 2694 bus‘quas
471 2621 621 2675 inter
640 2622 697 2674 se
723 2621 1026 2693 suscipiunt
1050 2619 1250 2674 iustum
1278 2629 1332 2673 et
1361 2619 1622 2673 iniustum
1651 2618 1910 2674 animad-

191 2719 373 2766 vertet
407 2709 470 2763 in
505 2707 836 2778 quibusnam
876 2706 999 2760 infit
1026 2715 1077 2758 et
1108 2724 1141 2759 a
1169 2706 1499 2775 quibusnam
1523 2703 1672 2763 abfit‚
1715 2714 1770 2758 et
1798 2705 1910 2774 legi

189 2795 572 2850 obedientibus
597 2794 839 2848 honores
862 2790 1088 2851 tribuet,
1125 2809 1241 2844 non
1265 2790 1745 2860 obedientesvero
1765 2807 1838 2861 po
1849 2809 1909 2842 e·-

192 2882 279 2936 nis
311 2880 513 2936 statutis
546 2880 770 2938 afficiet,
822 2879 958 2932 dum
995 2877 1064 2931 ad
1099 2876 1272 2931 finem
1300 2876 1590 2933 universae
1611 2874 1692 2928 rei
1715 2875 1907 2946 publi-

195 2983 290 3019 cae
310 2967 612 3036 progress'ns
636 2966 819 3019 videat
845 2965 1120 3036 quomodo
1146 2963 1424 3035 sepultura
1443 3003 1457 3020 ,
1495 2960 1727 3034 singulos
1749 2978 1909 3015 mor-

199 3061 321 3105 tuos
344 3049 482 3105 affici
513 3063 569 3106 et
586 3070 860 3123 quosnam
886 3051 1126 3105 honores
1167 3048 1244 3103 eis
1272 3047 1442 3103 tribui
1479 3055 1747 3118 oporteat.
1819 3038 1908 3098 hts

201 3155 337 3193 vero
373 3136 628 3192 omnibus
659 3136 951 3213 perspectis
987 3135 1118 3210 legis
1153 3136 1294 3191 lator
1334 3131 1577 3189 custodes
1604 3130 1907 3209 praeficiet,
