2132 3652
694 208 1246 266 Lssesss1w
1453 214 1455 217 ·
1735 208 1891 293 am,

110 357 364 432 pezium,
402 371 576 426 quum
623 353 819 408 Musae
853 350 1079 432 tripode
1119 349 1377 415 insideat,
1420 360 1539 406 tum
1580 370 1695 405 non
1737 358 1845 408 effe

109 441 316 499 mentis
343 449 685 511 compotem,
724 436 814 489 sed
842 435 1223 491 velutfontem
1250 437 1516 508 quicquid
1544 437 1733 490 subeat
1751 436 1845 491 fa-

107 508 646 591 <tile-effundenfflm'3³
671 534 724 577 et
752 541 924 594 quum
951 543 1039 576 ars
1070 525 1131 576 fit
1153 523 1406 587 imitatio,
1430 522 1557 594 cogi
1582 520 1840 576 homines

105 610 464 665 exhibentem
498 608 781 663 contrario
811 609 978 662 modo
1010 609 1160 662 inter
1195 609 1249 661 se
1292 607 1516 663 affectos
1556 609 1842 663 contraria

106 696 503 767 saepenumero
542 695 730 748 dicere
763 705 817 746 et
853 694 1068 747 fibimet
1105 694 1200 768 ipsi
1238 711 1585 765 repugnare,
1629 694 1854 749 neskire<

106 791 293 836 autem
325 793 513 836 utrum
544 781 680 833 haec
699 799 767 833 an
792 780 884 832 illa
907 782 1007 832 fint
1034 800 1171 833 vera
1193 798 1334 850 quae
1355 780 1515 834 dicat.
1553 780 1738 850 legum
1755 779 1842 833 la-

105 865 216 920 tori
254 878 443 921 aulem
484 886 596 920 non
635 867 768 920 licet
804 867 862 919 in
900 867 1017 936 lege
1040 869 1150 920 duo
1179 864 1447 919 exhibere
1469 866 1538 917 de
1566 885 1704 933 un0,
1743 867 1837 919 sed

104 969 279 1006 unam
305 953 375 1007 de
403 972 515 1007 una
542 972 605 1006 re
633 955 853 1022 semper
884 952 1047 1004 debet
1077 949 1390 1005 orationem
1421 949 1702 1021 proferre.
1740 941 1846 1005 ‘iu-

108 1036 233 1092 dica
265 1057 336 1091 ex
358 1038 463 1092 istis
491 1057 635 1109 quae
661 1057 693 1090 a
723 1048 774 1090 te.
794 1037 960 1090 modo
983 1037 1126 1090 dicia
1162 1037 1304 1090 sunt.
1369 1037 1656 1106 sepultura
1685 1037 1840 1090 enim

107 1141 287 1191 quum
315 1123 422 1177 alia
454 1126 515 1177 fit
536 1123 922 1183 immoderata,
961 1123 1067 1174 alia
1096 1121 1376 1187 deficienS,
1417 1120 1525 1175 alia
1550 1141 1685 1175 vero
1711 1143 1843 1175 mo-

109 1207 266 1271 dica,
304 1227 474 1262 unam
511 1218 574 1261 tu
611 1197 790 1279 eligis,
830 1208 1101 1274 mediam,
1137 1218 1190 1260 et
1217 1206 1541 1279 praescribis
1569 1216 1622 1259 et
1645 1207 1843 1282 laudas

108 1292 440 1363 simpliciter.
487 1313 586 1365 ego
618 1305 822 1360 autem,
862 1296 897 1347 fi
924 1294 1134 1348 femina
1160 1293 1298 1346 mihi
1324 1292 1533 1345 divitiis
1547 1292 1844 1346 abundans

110 1381 252 1440 esset,
288 1389 342 1430 et
371 1380 429 1432 in
453 1381 701 1432 codicillo
740 1380 1022 1450 quomodo
1049 1381 1101 1431 se
1127 1378 1296 1431 vellet
1325 1377 1540 1447 sepeliri
1569 1379 1848 1450 praescri-
1893 1422 1897 1425 .

108 1460 281 1528 beret,
319 1463 759 1518 immoderatum
789 1464 1080 1518 laudarem
1105 1463 1446 1534 sepulcrum,
1469 1482 1673 1536 parcus
1703 1485 1845 1520 con-—

105 1557 193 1602 tra
218 1548 417 1620 aliquis
445 1560 500 1603 et
538 1569 759 1623 pauper
794 1549 884 1602 vir
911 1558 1095 1615 tenue,
1125 1559 1181 1601 et
1210 1548 1454 1602 modicas
1479 1550 1699 1604 divitias
1713 1553 1850 1623 pos-

106 1632 281 1687 fidens
309 1644 363 1687 et
388 1654 491 1707 per
513 1638 568 1688 se
595 1635 846 1689 modicus
870 1634 1020 1688 idem
1046 1633 1311 1707 probabit
1344 1634 1687 1706 sepulcrum.
1737 1635 1845 1687 tibi

106 1729 298 1773 autem
338 1740 455 1773 non
490 1721 564 1773 ita
603 1720 902 1773 dicendum
941 1722 1013 1773 est
1046 1731 1111 1773 ut
1145 1739 1297 1774 nunc
1341 1719 1520 1773 dixisti
1558 1719 1844 1773 modicum

109 1823 448 1871 memorans,
487 1805 575 1857 sed
604 1805 735 1874 quid
764 1806 828 1857 fit
855 1806 1138 1858 modicum
1162 1815 1545 1876 quantumque
1565 1804 1851 1858 definien-

61 1963 65 1968 ,
109 1891 279 1957 dum,
316 1890 526 1961 alioqui
559 1889 879 1943 huiusmodi
916 1889 1148 1943 effatum
1180 1890 1437 1944 nondum
1468 1888 1716 1962 existima
1741 1889 1848 1944 tibi

108 1976 290 2046 legem
312 1974 445 2031 fieri.

256 2088 336 2143 CI.
379 2088 670 2144 Verissima
699 2088 730 2141 d
740 2086 851 2141 icis·

253 2202 390 2261 Ach.
449 2204 656 2257 Utrum
705 2203 875 2275 igitur
930 2203 1026 2275 qui
1066 2202 1280 2275 legibus
1316 2201 1563 2258 ferendis
1616 2206 1847 2262 statutus

117 2291 189 2344 est
220 2290 364 2343 nihil
399 2290 505 2341 tale
542 2289 870 2342 admonebit
909 2289 970 2343 in
1008 2291 1193 2360 legum
1232 2289 1491 2357 exordio,
1539 2290 1629 2343 sed
1666 2292 1845 2346 statim

114 2374 248 2447 quid
291 2385 545 2450 oporteat
583 2395 681 2428 nos
716 2375 926 2441 facere,
966 2374 1095 2446 quid
1138 2394 1279 2443 non,
1328 2375 1476 2430 dicet
1511 2385 1566 2429 et
1599 2395 1845 2450 poenam

112 2461 333 2514 minans
369 2460 436 2515 ad
473 2461 635 2515 aliam
676 2462 732 2514 se
768 2469 1063 2514 convertet
1099 2461 1311 2532 legem,
1351 2461 1754 2515 adhortationis
1794 2470 1850 2514 et

113 2545 479 2617 persuasionis
517 2545 653 2599 nihil
693 2546 906 2615 legibus
944 2544 1293 2616 praescriptis
1336 2547 1643 2602 adficiens?
1693 2553 1722 2580 *
1757 2552 1786 2577 *
1821 2548 1850 2578 *

117 2631 589 2700 quemadmodum
633 2632 976 2685 medicorum
1013 2650 1158 2684 unus
1189 2632 1326 2700 hoc,
1363 2633 1508 2687 alter
1542 2632 1639 2687 illo
1675 2634 1845 2688 modo

118 2715 252 2768 solet
264 2717 477 2787 semper
492 2716 735 2785 medei-13
765 2718 1132 2771 recordemur
1148 2725 1337 2770 autem
1362 2717 1660 2789 utriusque
1672 2719 1845 2786 modi,

120 2806 188 2850 ut
211 2798 340 2867 legis
365 2800 596 2856 latorem
624 2822 868 2869 oremu8‚
906 2802 1388 2872 quemadmodum
1416 2804 1696 2858 medicum
1722 2803 1842 2858 fere

124 2890 288 2933 orent
321 2883 483 2953 pueri
525 2896 589 2938 ut
625 2875 895 2943 lenissimo
922 2890 976 2941 se
1002 2888 1170 2942 modo
1198 2898 1372 2943 curet.
1421 2883 1685 2960 quidnam
1709 2906 1845 2941 vero

125 2963 396 3019 dicimus?
432 2968 557 3021 sunt
580 2970 836 3041 profecto
862 2973 1080 3037 medici,
1108 2973 1363 3040 dicimus,
1387 2984 1443 3027 et
1465 2973 1692 3027 ministri
1709 2971 1848 3042 qui-

127 3051 255 3106 dam
281 3049 639 3123 medicorum,
661 3073 798 3126 quos
810 3060 956 3133 ipsos
969 3079 1193 3136 quoque
1207 3058 1454 3115 medicos
1476 3057 1845 3130 appellamus·

268 3163 353 3219 Cl.
388 3164 534 3221 Sane
556 3166 798 3240 quidem.
