2176 3672
706 160 1313 221 LEGEs«11.‡
1733 168 1835 227 125

117 310 431 381 rursusque
467 292 701 360 modu'm
737 315 794 360 et
821 324 1124 361 numerum
1153 304 1224 360 ab
1250 305 1530 373 oratione,
1566 309 1722 377 nudo
1753 310 1842 363 ci·-

119 396 309 450 tharae
346 390 596 445 etdibiae
631 401 795 446 cantu
821 402 1076 463 utentes,
1110 390 1170 446 in
1197 392 1399 463 quibus
1418 391 1742 467 perdifficile
1768 397 1842 448 est

114 496 417 535 numerum
433 476 503 531 ab
523 478 774 532 oratione
799 468 1014 532 nudum
1043 486 1099 530 et
1122 475 1474 532 harmoniam
1494 480 1838 549 cognoscere,

116 563 249 632 quid
262 562 357 616 fibi
375 562 619 615 velintet
634 565 856 617 cuinam
872 563 1249 618 imitationum
1270 563 1719 618 memorabilium
1741 566 1843 618 fint

112 648 329 704 similes.
379 645 557 701 immo
583 648 925 703 arbitremur
949 652 1157 703 necesse
1185 649 1273 713 est,
1314 647 1422 700 hoc
1450 656 1630 702 totum
1664 649 1844 704 multa

110 731 413 789 <rusticitate
446 732 678 805 plenum
714 739 834 799 effe,
871 732 1135 806 quicquid
1162 731 1500 787 celeritatem
1530 740 1584 786 et
1609 742 1846 806 pertur-

114 817 401 874 bationem
432 826 489 870 et
513 836 712 873 vocem
740 819 982 873 ferinam
1019 819 1382 873 vehementer
1406 827 1649 890 appetat,
1683 817 1759 872 ita
1782 828 1848 889 ιη

115 902 287 958 tibiae
325 912 382 957 et
414 901 661 958 citharae
690 914 917 959 cantum
952 904 1212 960 adhibeat
1235 904 1400 957 etiam
1428 904 1541 955 fine
1559 902 1845 957 saltatione

115 998 174 1042 et
200 996 401 1053 cantu3
440 999 680 1059 utroque
709 999 896 1044 autem
938 990 1092 1044 nudo
1126 987 1216 1042 uti
1246 987 1412 1060 plane
1440 985 1650 1041 inscitia
1669 1008 1847 1060 quae-
1933 1016 1939 1032 x

120 1077 250 1131 dam
277 1074 383 1128 erit
412 1082 469 1127 et
491 1073 669 1127 inanis
695 1073 999 1128 ostentatio.
1055 1083 1111 1128 et
1138 1073 1278 1127 haec
1303 1071 1532 1143 quidem
1562 1072 1633 1126 fic
1657 1075 1712 1126 se
1736 1060 1864 1127 ha-'

115 1161 283 1227 bent3
332 1178 438 1214 nos
480 1167 667 1210 autem
704 1176 820 1210 non
861 1157 1185 1226 quaerimus
1217 1158 1548 1229 quibusnam
1577 1156 1848 1211 mulis-'uti

118 1265 235 1302 non
264 1244 503 1300 debeant
533 1262 562 1294 e
598 1242 788 1295 nostris
813 1241 907 1312 qui
932 1242 1269 1297 tricesimum
1297 1243 1409 1295 iam
1436 1260 1649 1296 annum
1681 1253 1860 1314 aga-nt⁴

118 1342 177 1385 et
211 1328 720 1421 quinquagesimum
756 1330 1068 1398 transgressi
1105 1329 1232 1395 sint,
1269 1327 1364 1381 sed
1391 1326 1718 1398 quibusnam
1747 1329 1850 1381 de-

117 1416 306 1472 beant.
378 1414 490 1468 hoc
512 1410 684 1482 igitur
711 1430 784 1477 ex
814 1412 900 1465 his
934 1413 1118 1467 oratio
1141 1413 1322 1466 nostra
1354 1412 1570 1466 videtur
1584 1410 1843 1467 mihiiam

52 1500 422 1596 &significare
449 1515 691 1569 quanam
723 1499 914 1551 musae
938 1497 1195 1552 choricae
1222 1508 1384 1571 parte
1409 1498 1608 1551 melius
1638 1498 1849 1552 institu-

52 1575 200 1639 tos
231 1590 335 1640 effe
360 1602 498 1656 opm
504 1593 616 1635 teat
642 1602 868 1636 annum
880 1585 1395 1657 quinquagesimum
1428 1593 1679 1654 agentes,
1715 1584 1849 1654 qui-

31 1733 34 1737 r
114 1670 225 1725 bus
246 1688 446 1725 canere
476 1668 811 1730 conveniat3
849 1688 1113 1724 numeios
1139 1669 1291 1722 enim
1319 1677 1375 1722 et
1396 1668 1501 1721 hai
1505 1669 1716 1722 monias
1741 1689 1848 1723 ne-

124 1760 262 1811 ceffe
298 1757 371 1808 est
403 1773 496 1808 eos
535 1763 694 1808 acute
729 1753 939 1807 sentire
972 1763 1026 1806 et
1061 1756 1413 1824 cognoscet-03
1451 1772 1523 1808 an
1546 1773 1657 1826 quo
1682 1764 1846 1827 pacto

119 1840 248 1911 quis
287 1848 497 1894 rectam
538 1839 840 1892 modorum
878 1837 1151 1892 rationem
1176 1842 1479 1909 cognoscat,
1516 1839 1608 1894 cui
1632 1857 1848 1894 conve-

118 1925 241 1981 niat.
269 1924 458 1982 dorica
482 1923 774 1977 harmonia
805 1931 863 1975 et
886 1936 1156 1978 numerus
1178 1941 1345 1995 quem
1372 1925 1537 1997 poeta
1564 1922 1618 1978 ei
1640 1925 1847 1981 adiun-

119 2009 286 2075 xerit,
325 2018 548 2063 rectene
570 2008 892 2062 adiunxerit
912 2027 1086 2063 necne
1101 2009 1129 2062 ’ἕ

265 2134 349 2190 Cl.
384 2135 768 2207 Nequaquam,
804 2142 863 2188 ut
887 2144 1055 2208 patet.

260 2263 394 2319 Ath.
430 2253 685 2316 Ridicula
700 2259 1160 2316 enimhominum
1184 2262 1488 2317 multitudo
1522 2265 1652 2320 satis
1677 2267 1732 2321 se
1748 2285 1847 2322 ar-

117 2350 334 2407 bitrans
359 2346 683 2418 cognoscere
708 2346 1051 2418 concinnum
1086 2356 1144 2400 et
1168 2350 1550 2414 numerosum,
1588 2352 1843 2421 quicum·-

41 2423 46 2428 ’
120 2453 230 2507 que
271 2451 463 2489 eorum
505 2441 728 2487 cantum
765 2431 920 2502 sequi
955 2442 1012 2485 et
1051 2435 1343 2487 numerose
1375 2434 1638 2490 incedere
1669 2439 1846 2504 coacti

123 2521 387 2587 fuerunt,
434 2518 570 2573 haec
596 2527 782 2572 autem
808 2519 863 2570 se
886 2515 1067 2571 facere
1081 2518 1221 2572 nihil
1249 2538 1449 2573 eorum
1476 2520 1846 2593 intelligentes

126 2623 240 2660 non
262 2613 540 2680 reputant.
579 2603 808 2674 quilibet
835 2621 971 2657 vero
991 2603 1193 2659 modus
1222 2606 1613 2662 convenientia
1630 2607 1843 2664 habens

127 2699 310 2745 :rectus
336 2692 423 2752 est,
461 2708 570 2743 non
597 2687 985 2744 convenientia
1013 2699 1199 2744 autem
1222 2688 1424 2747 falsus..

272 2829 357 2886 Cl.
391 2830 635 2886 Maxime
659 2832 715 2887 id
745 2833 1102 2889 neceffarium
1128 2835 1215 2888 est.

272 2971 405 3028 Ath.
441 2971 593 3046 Quid
626 2973 840 3045 igitur?
879 2977 972 3048 qui
1007 2995 1079 3030 ne
1115 2977 1392 3048 cognoscit
1423 2977 1650 3049 quidem
1677 2977 1847 3049 quid-
1924 2998 1927 3001 “

132 3076 263 3114 nam
293 3055 489 3108 habeat
515 3056 784 3129 quidque,
821 3079 959 3116 num
984 3060 1056 3131 is,
1092 3061 1148 3116 id
1182 3063 1331 3133 quod
1364 3064 1639 3131 diximus,
1674 3083 1842 3137 quam

131 3153 281 3200 recte
308 3140 364 3194 id
398 3140 613 3205 habeat,
650 3159 916 3216 umquam
946 3149 1275 3220 cognoscet?

279 3283 358 3339 Cl.
401 3281 516 3355 Qui
540 3281 659 3337 fieri
685 3285 890 3354 potest?
