2086 3632
0 163 29 187 ,¹-

2 175 61 285 ἐξ
744 207 792 265 L
827 207 877 263 E
912 205 967 264 G
1000 207 1049 264 E
1086 207 1126 275 s
1196 208 1291 266 v1.
1774 211 1881 286 539

1 310 79 456 ἐξ
143 348 418 406 haberent
437 350 474 404 fi
498 351 645 423 leges
672 355 843 407 essent
869 360 1062 416 nacta,
1101 369 1272 426 quam
1294 369 1478 422 nun03
1514 371 1698 425 neque
1725 352 1880 409 enim

3 469 48 498 0
142 435 442 490 dimidium
465 445 686 491 tantum
714 439 815 504 est,
869 447 935 490 ut
958 437 1138 492 videri
1165 435 1354 509 poffit,
1400 439 1440 492 fi
1462 458 1553 493 res
1574 434 1879 494 muliebres

0 520 74 577 {⁷⁷
137 520 492 575 inordinatae
515 532 745 581 manent
772 532 830 577 et
857 523 1236 597 negliguntur.
1273 523 1366 577 sed
1392 541 1504 596 quo
1519 523 1759 580 deterior
1779 543 1875 577 no-

66 665 71 674 ,
139 606 223 661 bis
254 608 327 661 est
363 608 433 663 ad
464 609 737 664 virtutem
772 607 1064 663 muliebris
1104 620 1305 665 natura
1342 628 1513 682 quam
1544 606 1748 674 virilis,
1808 627 1874 660 eo

133 693 312 764 magis
343 695 606 761 excedit,
644 705 710 748 ut
726 695 854 767 plus
877 709 1045 767 quam
1070 696 1307 768 duplum
1331 698 1408 753 fit.
1445 695 1554 751 hoc
1579 694 1752 764 igitur
1776 712 1876 747 re·-

133 787 329 853 petere
372 790 429 833 et
456 780 759 834 emendare
789 791 844 834 et
875 782 1065 837 omnia
1095 780 1427 835 mulieribus
1462 799 1528 834 ac
1552 780 1685 834 viris
1710 798 1873 833 com-

130 865 380 920 munitet
415 866 666 921 instituta
706 867 973 921 ordinare
994 869 1234 939 praestat
1265 868 1337 921 ad
1364 865 1598 926 civitatis
1628 863 1873 918 felicita-

130 961 262 1006 tem.
312 971 628 1021 nunc-vero
654 963 878 1006 tantum
905 950 1054 1005 abest
1084 961 1148 1005 ut
1174 951 1470 1007 hominum
1494 968 1669 1024 genus
1691 947 1873 1002 felici-

129 1046 212 1090 tet
236 1038 308 1091 ad
338 1038 446 1092 hoo
479 1039 800 1110 pervenerit
825 1047 892 1091 ut
914 1056 985 1090 ne
1010 1037 1357 1092 mentionem
1381 1035 1612 1109 quidem
1638 1034 1756 1088 eius
1782 1034 1869 1089 rei

123 1122 312 1176 facere
333 1123 398 1176 fit
422 1125 712 1195 prudentis
740 1124 800 1177 in
825 1123 948 1177 aliis
967 1124 1102 1176 locis
1126 1134 1183 1178 et
1202 1123 1455 1192 urbibu8‚
1492 1121 1591 1193 ubi
1611 1140 1718 1176 nec
1733 1139 1865 1174 con-

123 1207 271 1261 vivia
307 1208 531 1280 pubiica
577 1208 809 1262 omnino
839 1218 902 1262 ut
935 1210 1322 1283 reciperentur
1362 1206 1574 1261 civitati
1630 1204 1863 1278 placuit.

120 1295 274 1348 unde
295 1292 471 1366 i‘gitur
493 1294 724 1366 aliquiS‚
771 1313 888 1348 non
921 1294 1156 1349 ridicule
1183 1293 1425 1361 faciens,
1474 1309 1676 1347 revera
1705 1290 1864 1345 insti-

119 1388 240 1433 tuet
264 1382 531 1434 mulieres
558 1399 758 1452 cogere
771 1391 835 1434 ut
849 1379 1002 1432 cibos
1025 1399 1090 1432 ac
1112 1391 1276 1452 potus
1290 1378 1518 1452 publice
1532 1378 1861 1453 consumen-

117 1475 199 1519 tes
226 1467 677 1538 conspiciantur?
734 1465 880 1518 nihil
901 1466 974 1517 est
996 1464 1146 1517 enim
1169 1465 1316 1537 quod
1342 1463 1617 1518 difficilius
1645 1461 1737 1515 hic
1770 1462 1859 1513 se·-

0 1625 2 1628 y
112 1571 222 1606 xus
247 1553 505 1605 sustineat
534 1569 707 1621 quam
733 1550 866 1609 hoc;
938 1568 1073 1602 nam
1105 1567 1286 1620 quum
1323 1548 1509 1603 abdite
1543 1557 1599 1602 et
1624 1546 1859 1601 obscure

0 1630 10 1691 ἵ
35 1646 41 1656 ’
110 1636 311 1691 vivere
336 1636 713 1699 consueverit,
760 1633 817 1688 vi
839 1633 898 1686 in
931 1634 1119 1687 lucem
1144 1644 1460 1707 protractus
1496 1633 1653 1689 omni
1683 1631 1855 1687 modo

0 1718 4 1722 ”
110 1720 437 1775 reluctando
461 1719 652 1790 legum
676 1719 911 1771 latorem
936 1718 1096 1788 longe
1121 1718 1420 1790 superabit.
1456 1719 1552 1775 hic
1571 1720 1742 1790 igitur
1755 1717 1858 1788 alif·

110 1807 170 1859 bi
197 1806 422 1878 quidem
440 1843 455 1868 ,
494 1801 974 1875 quemadmodum
998 1801 1144 1867 dixi,
1197 1802 1510 1856 orationem
1532 1814 1688 1857 recte
1710 1821 1854 1874 pro-

55 1895 59 1899 *
106 1894 277 1947 latam
299 1910 413 1943 non
438 1889 693 1942 sustineat
722 1890 833 1941 fine
853 1905 1059 1956 magna
1080 1886 1503 1954 vociferatione,
1535 1886 1632 1942 hic
1657 1897 1852 1940 autem

106 1978 332 2032 fortass'e
372 1974 576 2028 audiat.
627 1974 887 2045 quocirca
921 1975 956 2026 fi
983 1974 1210 2027 videtur
1244 1972 1513 2027 orationis
1547 1971 1707 2026 causa
1732 1990 1851 2026 nou

105 2060 507 2136 imperfectum
545 2059 865 2131 relinquere
891 2060 1207 2113 sermonem
1237 2057 1307 2111 de
1340 2057 1599 2112 universa
1624 2054 1850 2110 civitate

104 2151 445 2221 susceptum,
486 2147 616 2201 volo
653 2145 835 2200 dicere
869 2163 1038 2215 quam
1076 2144 1292 2197 bonum
1329 2144 1391 2196 fit
1426 2151 1480 2194 et
1513 2140 1753 2211 decens,
1802 2141 1843 2194 fi

28 2241 32 2244 ’
103 2234 265 2289 vobis
291 2250 516 2305 quoque
540 2232 723 2304 placet
741 2230 968 2299 audire,
1008 2232 1085 2284 sm
1109 2229 1327 2294 mium,
1370 2229 1558 2282 finere.
1878 2216 1886 2224 “

246 2377 331 2435 Cl.
371 2377 474 2439 At,
509 2394 541 2428 o
565 2374 763 2448 hospes
780 2414 796 2442 ,
845 2373 1059 2429 mirum
1082 2373 1143 2428 in
1165 2369 1402 2430 modum
1425 2387 1580 2424 nunc
1602 2366 1834 2448 omnino
1899 2440 1902 2442 -

99 2463 259 2517 nobis
285 2463 467 2536 placet
492 2460 704 2515 audire.

240 2606 375 2663 ΛιῙι.
413 2605 723 2660 Audiamus
747 2602 944 2674 igitur;
986 2620 1060 2656 ne
1089 2610 1278 2654 autem
1302 2596 1589 2653 miremini
1608 2597 1647 2651 fi
1671 2594 1830 2651 vobis

99 2690 210 2744 alte
229 2701 284 2742 et
305 2710 336 2743 a
355 2690 531 2762 capite
557 2689 972 2760 quodammodo
1000 2706 1122 2742 rem
1148 2685 1345 2740 videar
1367 2693 1654 2760 repetere3
1713 2681 1829 2735 otio

100 2775 248 2827 enim
276 2774 526 2828 fruimur
550 2793 653 2828 nec
678 2773 973 2845 quicquam
1001 2776 1074 2827 est
1097 2773 1249 2843 quod
1271 2781 1486 2846 urgeat,
1523 2767 1826 2844 quominus

100 2859 255 2912 omni
282 2860 506 2931 prorsus
532 2860 697 2912 modo
725 2858 795 2912 de
817 2857 1033 2929 legibus
1055 2857 1360 2914 videamus·

243 3000 326 3057 Cl.
360 3002 529 3056 Recte
553 2998 745 3055 dixisti.

236 3140 373 3199 Ath.
408 3142 614 3197 Rursus
636 3140 805 3212 igitur
825 3139 894 3194 ad
922 3155 986 3196 ea
1010 3161 1151 3215 quae
1175 3142 1356 3215 primo
1380 3142 1503 3196 loco
1526 3140 1670 3203 dicta
1687 3139 1817 3192 sunt

99 3236 464 3282 revertamur.
513 3225 719 3279 etenim
742 3225 915 3297 probe
936 3226 1043 3280 hoc
1062 3245 1345 3299 quemque
1372 3227 1565 3295 virum
1591 3230 1815 3297 oportet

97 3322 383 3386 reputare,
436 3311 731 3366 hominum
753 3321 945 3366 ortum
964 3325 1063 3369 aut
1086 3313 1306 3369 nullum
1329 3311 1560 3368 omnino
1585 3307 1810 3363 initium
