2132 3652
0 2638 3 2690 ’ἑ

749 205 1278 265 LEGESV
1785 222 1909 279 2791

147 356 221 410 est
235 370 412 426 quum
430 349 674 420 scientia,
712 352 1000 424 postquam
1023 348 1244 411 defecit,
1269 349 1463 403 rursus
1489 346 1692 402 influit.
1732 364 1879 418 quo-

142 437 290 495 circa
336 437 455 499 risu
497 454 599 491 nos
644 435 916 492 abstinere
962 436 1230 492 debemus
1283 433 1657 488 immoderato
1709 440 1876 501 atque

140 520 424 596 lacrymis,
453 529 509 574 et
536 520 767 592 quisque
791 538 1072 594 quemque
1100 521 1269 575 debet
1293 519 1616 584 admonere,
1652 517 1719 570 ut
1746 533 1876 568 om-

139 625 274 665 nem
313 617 371 662 et
394 605 583 679 gaudii
626 616 680 660 et
714 606 927 661 doloris
966 603 1459 679 intemperantiam
1484 601 1876 676 *comprimens

140 692 410 749 decorum
428 694 654 747 servare
675 693 899 757 studeat,
923 692 1036 746 five
1058 692 1119 746 in
1145 692 1295 747 feliei
1316 707 1511 745 rerum
1533 690 1672 742 statu
1694 686 1876 741 euius-

138 796 248 851 que
273 776 467 850 genius
500 780 747 832 versatur
779 779 884 831 five
923 776 984 832 in
1022 777 1289 831 fortunae
1316 773 1544 842 cafibuS,
1580 782 1876 844 tamquam

140 882 274 918 cum
309 863 529 918 excelso
557 864 804 936 quodam
844 872 900 917 et
939 863 1119 917 arduo
1143 862 1363 916 luctans
1387 878 1517 913 cum
1545 854 1877 927 infortunio,

141 959 198 1004 et
224 947 438 1022 sperari
464 959 705 1022 oportet,
745 950 882 1003 dum
912 947 1067 1002 bonis
1093 966 1234 1019 quae
1260 947 1397 1000 deus
1422 943 1690 1015 largiatur
1711 941 1876 996 labo-

80 1068 86 1074 ·
139 1052 230 1088 res
255 1034 522 1095 incidant,
561 1034 683 1088 fore
710 1044 769 1088 ut
795 1034 890 1087 ille
915 1051 946 1085 e
969 1031 1275 1086 maioribus
1303 1031 1550 1086 minores
1574 1029 1678 1083 hos
1705 1026 1878 1081 saciat

142 1128 199 1171 et
226 1126 543 1190 praesentes
569 1129 768 1185 mutet,
808 1114 954 1190 quod
983 1136 1117 1171 vero
1143 1118 1213 1171 ad
1238 1117 1384 1170 bona
1417 1116 1630 1170 horum
1653 1123 1877 1181 eontra-

140 1206 225 1257 ria
269 1204 484 1268 attinet,
524 1204 713 1258 omnia
749 1206 968 1276 semper
999 1202 1096 1256 fibi
1139 1211 1409 1257 eventura
1445 1205 1551 1256 effe
1572 1217 1703 1254 oum
1728 1197 1878 1251 bona

139 1286 384 1343 fortuna.
421 1287 526 1341 hac
558 1287 733 1357 igitur
771 1288 833 1341 in
854 1290 950 1363 spe
976 1306 1257 1360 quemque
1280 1288 1476 1341 vivere
1499 1293 1722 1359 oportet
1743 1302 1874 1337 om-

139 1372 417 1442 niumque
436 1372 645 1426 horum
668 1372 726 1425 in
750 1373 1158 1439 recordatione,
1182 1371 1324 1426 nihil
1349 1369 1753 1435 remittentem,
1783 1369 1878 1422 sed

139 1458 357 1530 semper
378 1457 448 1511 in'
465 1456 610 1510 ludis
639 1457 904 1530 seriisque
918 1459 1086 1512 rebus
1111 1459 1358 1512 alterum
1382 1467 1440 1511 et
1455 1457 1706 1529 seipsum
1732 1454 1877 1508 clare

128 1542 553 1597 admonentem.

278 1626 446 1681 Nune
477 1627 650 1698 igitur
676 1627 743 1680 de
783 1627 969 1682 studiis
999 1647 1144 1700 quae
1174 1629 1411 1685 colenda
1429 1630 1533 1683 fint
1555 1636 1610 1682 et
1633 1627 1704 1680 de
1733 1643 1878 1698 quo·—

139 1729 251 1782 que
273 1711 411 1783 ipso,
441 1713 663 1781 qualem
692 1717 798 1766 effe
820 1723 1094 1784 oporteat,
1123 1714 1246 1768 fere
1274 1716 1590 1788 expolitum
1618 1714 1691 1765 est
1710 1728 1872 1781 quae·

140 1813 384 1866 eumque
409 1797 476 1848 ad
504 1797 635 1848 deos
659 1798 933 1869 spectant3
962 1797 1213 1853 humana
1232 1818 1365 1853 vero
1389 1817 1545 1853 nunc
1567 1797 1728 1852 nobis
1754 1816 1872 1849 nou

139 1882 315 1947 dicta3
353 1890 577 1952 oportet
600 1898 764 1941 vero;
810 1881 1135 1936 hominibus
1177 1883 1329 1937 enim
1363 1883 1719 1956 exponimu8‚
1757 1900 1873 1933 non

141 1967 263 2020 diis.
300 1967 427 2019 sunt
452 1965 625 2035 igitur
653 1967 853 2020 natura
881 1968 1128 2021 maxime
1159 1970 1443 2022 humanae
1479 1969 1795 2042 voluptates
1816 1975 1873 2019 et

139 2053 360 2106 dolores
384 2060 440 2103 et
460 2051 802 2123 eupiditate8‚
835 2072 866 2108 e
891 2052 1091 2125 quibus
1114 2059 1325 2108 neceffe
1351 2057 1423 2107 est
1446 2054 1685 2107 mortale
1706 2070 1874 2106 omne

140 2137 351 2194 animal
388 2137 558 2208 plane
593 2140 741 2207 quafi
779 2147 973 2211 aptum
1007 2148 1065 2190 et
1098 2140 1428 2212 suspensum
1456 2140 1563 2192 effe
1598 2138 1875 2192 maximoe

138 2242 290 2297 pere.
326 2231 550 2296 oportet
575 2241 709 2275 vero
740 2223 1250 2295 praestantissimam
1297 2226 1477 2279 vitam
1511 2223 1872 2297 laudari-non

138 2310 319 2364 solum
362 2308 492 2379 quia
535 2308 721 2360 famae
754 2309 1052 2381 splendore
1091 2309 1338 2375 excellit,
1373 2309 1468 2363 sed
1510 2310 1681 2365 etiam
1705 2309 1874 2380 quod,

111 2409 115 2421 ²
140 2397 177 2449 fi
203 2396 326 2465 quis
345 2395 706 2462 velitgustare
731 2412 833 2447 nec
857 2393 1073 2448 iuvenis
1098 2394 1231 2448 inde
1257 2393 1553 2466 aufugerit,
1566 2414 1632 2449 eo
1648 2410 1872 2464 quoque

137 2479 521 2553 superatquod
547 2498 740 2531 omnes
757 2481 1088 2551 expetimuS,
1108 2478 1322 2534 maiore
1344 2480 1550 2550 gaudio
1573 2489 1628 2534 et
1650 2477 1873 2533 minore

141 2565 333 2619 dolore
370 2574 545 2617 totam
587 2584 687 2635 per
727 2566 914 2618 vitam.
952 2565 1059 2619 hoc
1096 2565 1175 2619 ita
1205 2565 1490 2618 rehabere
1513 2566 1552 2619 fi
1575 2563 1701 2637 quis
1726 2574 1877 2618 recte

144 2651 338 2718 gustet,
377 2649 538 2703 facile
583 2658 632 2700 et
673 2648 978 2703 admodum
1020 2651 1169 2704 clare
1198 2648 1427 2722 patebit.
1467 2659 1686 2704 rectum
1731 2666 1873 2701 vero

146 2732 277 2801 quid
310 2733 372 2786 in
404 2753 470 2786 eo
506 2736 583 2800 fit,
620 2734 726 2788 hoc
759 2735 870 2789 iam
898 2756 930 2790 a
958 2738 1175 2797 ratione
1199 2744 1419 2808 oportet
1446 2733 1589 2790 sumi
1615 2744 1671 2788 et
1699 2736 1876 2788 confi-

149 2816 353 2881 aerari,
389 2819 677 2874 utrumoita
712 2821 873 2874 nobis
900 2831 1136 2875 naturae
1159 2820 1462 2874 conveniat
1482 2839 1554 2874 an
1583 2819 1742 2872 aliter
1764 2836 1870 2871 na-

149 2909 310 2952 turae
331 2901 678 2967 adven-fetum
714 2906 884 2959 vitam
909 2918 1099 2961 autem
1128 2914 1348 2980 oportet
1372 2905 1441 2959 ad
1467 2905 1640 2959 vitam
1672 2903 1869 2955 iucun-

150 2982 364 3036 diorem
404 2992 460 3034 et
509 2985 846 3043 acerbiorem
894 2993 973 3046 ita
1012 2991 1261 3065 spectari.
1323 2991 1668 3060 voluptatem
1706 2986 1872 3039 volu-

150 3086 277 3122 mus
314 3066 471 3119 nobis
510 3072 643 3134 effe,
680 3071 928 3128 dolorem
969 3087 1163 3131 eontra
1196 3094 1376 3147 neque
1407 3073 1657 3143 eligimus
1688 3089 1871 3141 neque

151 3154 433 3216 volumuS,
470 3163 734 3206 neutrum
760 3174 895 3209 vero
925 3178 1026 3230 pre
1059 3163 1346 3235 voluptate
1377 3159 1602 3231 quidem
1626 3175 1738 3211 non
1770 3174 1874 3208 cu·-

150 3237 352 3311 pimus,
392 3255 521 3288 cum
562 3235 752 3289 dolore
779 3250 966 3295 autem
1001 3257 1348 3300 commutare
1387 3246 1675 3303 ¹volumus3
1717 3240 1873 3292 dolo-

154 3342 271 3377 rem
323 3339 489 3392 porro
539 3323 811 3375 minorem
865 3343 992 3379 eum
1028 3329 1239 3384 maiole
1278 3331 1558 3397 voluptate
1601 3327 1868 3381 volumus,
