2072 3652
672 235 1047 294 LEGES
1125 236 1216 293 vl.
1709 238 1811 294 561

92 405 96 412 ’
229 379 314 437 CI.
349 379 709 435 Praeclarum
738 380 868 433 sane
901 376 1159 433 virorum
1194 376 1434 433 studium
1471 378 1677 433 videris
1705 380 1808 434 de-

80 464 307 520 claram.
1126 470 1129 476 ’

0 546 26 583 ··..
212 547 335 605 Atlt.
376 547 823 603 Consentaneum
859 567 1027 615 ver03
1063 547 1170 601 hoc
1196 556 1385 603 autem
1411 546 1806 622 perspiciamus

0 630 20 706 'v
77 651 150 688 an
168 631 568 699 tibi'videatur,
606 633 1081 704 quemadmodum
1104 633 1262 689 mihi.

67 742 82 768 s
221 717 306 772 CI.
349 716 683 791 Quidnam?
720 728 773 771 et
799 737 1040 791 quanam
1068 719 1138 771 de
1164 719 1270 773 re'?

164 854 174 869 ,
218 803 363 860 ΑιῘι.
399 802 516 858 Scis
550 802 828 874 pictorum
871 823 1096 877 operam
1131 823 1248 857 non
1282 804 1456 859 videri
1493 802 1665 858 finem
1698 801 1805 856 ha-

76 887 214 941 bere
234 887 292 941 in
315 904 534 959 quaque
554 887 793 961 pictura,
809 889 900 941 sed
920 889 1007 941 vel
1025 889 1274 942 colorare
1294 890 1380 942 vel
1397 891 1587 943 lumen
1604 889 1807 942 umbra

77 983 405 1046 temperare
419 975 509 1027 vel
531 974 1057 1043 quomodocumque
1077 974 1354 1045 pictorum
1380 974 1543 1028 liberi
1575 975 1805 1028 nomino

73 1066 343 1125 utuntur,
397 1076 712 1129 numquam
760 1058 941 1112 videri
990 1057 1256 1112 definere
1287 1068 1682 1126 exornantem,
1740 1068 1806 1111 ut

72 1141 487 1198 incrementum
506 1142 620 1197 iam
643 1162 762 1198 non
783 1143 984 1198 habeat
1008 1162 1122 1215 quo
1147 1142 1498 1217 pulchriores
1518 1154 1573 1198 et
1588 1146 1805 1216 expres-

72 1228 238 1282 fiores
259 1226 399 1281 fiant
420 1227 706 1300 imagines.

217 1312 301 1373 Ol.
347 1314 491 1369 Fere
536 1314 808 1385 cognosco
848 1331 1024 1385 quum
1068 1311 1185 1385 ipse
1226 1329 1450 1383 quoque
1492 1313 1806 1369 audiverim

69 1396 213 1452 haec
242 1417 389 1469 quae
416 1397 572 1466 dicis,
608 1414 951 1470 quamquam
994 1398 1150 1452 nullo
1186 1398 1448 1470 equidem
1472 1397 1643 1453 modo
1669 1419 1808 1454 ver-

68 1483 217 1538 satus
235 1485 355 1538 sum
385 1483 444 1538 in
472 1484 575 1538 hac
599 1493 741 1540 arte..

212 1568 350 1624 Ath.
381 1568 534 1624 Nihil
554 1585 694 1621 vero
726 1566 920 1622 damni
953 1565 1309 1630 contraxisti;
1348 1575 1584 1623 utemur
1607 1579 1801 1623 autem

68 1652 330 1707 sermone
350 1653 420 1707 de
443 1672 509 1708 ea
531 1671 685 1707 nunc
705 1653 890 1706 oblato
917 1653 1024 1707 ita:
1063 1655 1100 1706 fi
1123 1653 1245 1722 quis
1271 1651 1572 1723 aliquando
1592 1654 1803 1725 cogita-

12 1764 14 1766 *
70 1738 219 1793 verit
262 1757 434 1811 quam
482 1737 927 1809 pulcherrimam
987 1737 1287 1807 imaginem
1338 1737 1596 1808 pingere,
1659 1757 1803 1810 quae

72 1842 384 1895 numquam
419 1822 683 1890 deterius,
723 1821 813 1874 sed
852 1820 1055 1874 melius
1080 1821 1137 1872 se
1168 1820 1425 1875 habitura
1450 1824 1513 1875 fit
1538 1825 1802 1894 sequente

0 1912 45 1965 0
72 1927 296 1982 quoque
336 1918 615 1981 tempore,
663 1905 1031 1976 intelligisne,
1069 1923 1246 1975 quum
1282 1905 1532 1959 mortalis
1573 1910 1661 1973 fit,
1697 1911 1803 1976 nisi

74 2012 243 2065 quem
266 1993 543 2064 relinquat
568 1995 922 2045 successorem
948 1990 1044 2061 qui
1070 1990 1347 2058 emendet,
1382 1993 1419 2043 si
1454 1990 1586 2059 quid
1623 1993 1803 2047 detri-

75 2079 256 2132 menti
294 2079 527 2151 accipiat
561 2078 781 2150 pictura
819 2093 923 2146 per
953 2084 1225 2146 tempora,
1266 2083 1320 2127 et
1352 2078 1802 2153 praetermissum

74 2164 146 2218 ab
173 2162 551 2218 imbecillitate
586 2163 717 2217 artis
753 2162 883 2214 suae
932 2160 1193 2230 supplens
1220 2177 1610 2229 exornansque
1642 2164 1801 2233 poffit

35 2275 45 2285 -
76 2249 294 2303 efficere
330 2257 395 2301 ut
434 2247 582 2301 ultra
613 2243 1020 2318 progrediatur,
1057 2244 1223 2298 breve
1263 2243 1544 2312 quoddam
1577 2255 1800 2321 tempus

77 2333 299 2407 ei'o'pus
323 2335 654 2387 duraturum
680 2336 784 2388 effe
809 2329 1116 2386 admodum
1137 2328 1516 2384 laboriosum?

219 2417 304 2472 Cl.
342 2419 512 2475 Vero.
1263 2457 1268 2462 .

216 2501 346 2557 Ath.
386 2501 544 2576 Quid
583 2499 788 2572 igitur?
838 2519 1026 2554 nonne
1064 2499 1187 2553 talis
1217 2499 1442 2555 videtur
1478 2500 1578 2556 tibi
1608 2502 1801 2574 legum

2 2627 4 2630 v
75 2586 265 2643 latoris
296 2588 554 2641 voluntas
596 2585 743 2640 esse?
779 2585 1032 2656 primum
1075 2583 1208 2655 quid
1222 2603 1304 2638 em
1338 2594 1405 2639 ut
1429 2586 1634 2641 scribat
1655 2590 1802 2660 leges

74 2689 183 2745 pro
205 2672 418 2726 viribus
456 2668 584 2722 satis
623 2680 899 2736 accurate,
937 2671 1135 2724 deinde
1161 2669 1499 2743 procedente
1527 2679 1801 2744 tempore,

76 2758 118 2811 fi
142 2774 286 2828 quac
306 2756 420 2810 visa
445 2755 542 2808 fibi
575 2752 810 2820 fuerint,
851 2757 1043 2827 reapse
1067 2757 1408 2828 experiatur,
1445 2773 1583 2808 num
1605 2756 1804 2826 opina-

40 2870 41 2873 *
76 2839 157 2895 ris
180 2850 293 2893 tam
319 2839 738 2911 imprudentem
776 2858 1116 2913 quemquam
1141 2844 1244 2895 esse
1264 2840 1457 2911 legum
1473 2840 1709 2893 latorem
1735 2850 1802 2892 ut

78 2924 287 2980 nesciat
326 2923 609 2997 permulta
642 2925 966 2980 huiusmodi
1001 2926 1293 2981 necessario
1328 2924 1605 2994 relinqui,
1657 2941 1800 2994 quae

81 3017 339 3080 oporteat
360 3007 602 3077 aliquem
630 3010 956 3079 sequentem
990 3009 1307 3077 emendare,
1343 3017 1408 3061 ut
1448 3026 1802 3078 nequaquam

82 3091 339 3147 deterior.
382 3092 472 3145 sed
507 3092 707 3146 melior
733 3095 950 3167 semper
984 3094 1174 3149 civitas
1201 3102 1254 3147 et
1285 3092 1423 3147 ordo
1461 3101 1800 3165 ornatusque

80 3175 237 3231 urbis
265 3175 335 3228 ab
356 3175 473 3246 ipso
500 3177 820 3230 constitutae
844 3178 1086 3236 evadas-5

226 3258 310 3316 Gt.
323 3257 785 3327 Consentaneum,
798 3260 1027 3334 quidni?
1042 3264 1182 3320 velle
1195 3263 1306 3319 hoc
1317 3262 1798 3332 unumquemque.
