2132 3652
737 203 1119 274 Lsscsss
1191 212 1261 269 v.
1761 209 1915 282 509ν

261 352 543 424 Deinceps
570 348 825 424 primum
859 352 1089 424 quidem
1116 352 1315 408 urbem
1346 350 1601 406 collocari
1634 361 1859 425 oportet

119 435 457 510 iri-regionis
482 453 650 508 quam
676 437 932 493 maxime
955 437 1160 502 medio,
1198 438 1278 492 ita
1299 447 1363 491 ut
1383 437 1541 491 locus
1575 437 1727 491 exiis
1759 437 1855 509 qui

112 514 328 597 praesto
354 522 484 574 sunt
504 521 740 594 eligatur
762 523 980 597 reliqua
1003 543 1224 597 quoque
1245 522 1456 579 habens
1485 520 1614 577 urbi
1637 537 1854 577 accom-

118 606 365 674 modata,
400 623 547 679 quae
572 625 756 679 neque
785 610 1015 683 cognitu
1042 627 1226 681 neque
1249 611 1396 665 dictu
1423 606 1665 663 difficilia
1695 607 1852 672 sunt3

23 719 26 721 >
119 690 324 747 deinde
362 692 423 745 in
469 701 660 764 partes
697 693 989 750 duodecim
1020 694 1322 749 dividenda
1365 694 1439 747 est
1461 693 1647 765 regim
1673 692 1754 746 ita
1792 699 1855 744 ut

114 776 302 854 prima
334 795 464 850 pars
491 778 763 849 Vestaejet
787 781 906 836 Iovi
933 781 1288 836 etMinervae
1325 780 1705 845 consecretur,
1748 795 1853 831 arx

113 860 502 931 nominanda,
550 864 760 917 circulo
799 866 1187 933 circumiecto,
1223 885 1256 920 a
1304 883 1418 936 quo
1457 862 1749 918 duodecim
1787 861 1849 915 in

16 948 19 953 '
106 955 294 1019 partes
318 947 451 1002 urbs
482 946 601 1021 ipsa
639 958 866 1021 totaque
895 951 1051 1024 regio
1089 950 1406 1005 dividenda.
1444 949 1704 1019 aequales
1735 965 1843 1000 au-

105 1040 226 1085 tem
265 1036 371 1086 effe
407 1032 614 1088 debent
646 1036 941 1091 duodecim
980 1047 1185 1109 parteS,
1222 1036 1302 1090 ita
1338 1043 1403 1089 ut
1432 1034 1615 1087 bonae
1652 1042 1841 1087 terrae

102 1124 290 1191 partes
312 1116 559 1172 minores
580 1123 696 1184 fint,
734 1121 1030 1177 deterioris
1059 1140 1194 1175 vero
1220 1121 1476 1175 maiores,
1514 1120 1687 1172 sortes
1717 1116 1837 1169 dis-

103 1202 421 1257 cernendae
437 1206 805 1276 quadraginta
826 1217 880 1259 et
901 1205 1193 1278 quinquies
1212 1207 1382 1272 mille,
1411 1222 1651 1276 quarum
1671 1221 1838 1274 quae-

105 1304 215 1357 que
242 1286 503 1359 bipartito
533 1291 935 1359 distribuenda,
974 1300 1031 1345 et
1056 1291 1199 1345 duae
1232 1291 1543 1364 particulae
1575 1284 1639 1343 in
1663 1306 1839 1342 uuam

99 1372 303 1426 sortem
325 1372 714 1445 conferendae,
738 1377 1054 1448 utriusque,
1086 1385 1197 1431 tam
1223 1373 1637 1450 propinquioris
1665 1392 1836 1446 quam

14 1460 16 1462 ’
100 1458 424 1513 remotioris
450 1462 587 1532 agri,
623 1462 935 1533 participe3‚
971 1461 1140 1539 itaut
1170 1461 1327 1516 urbis
1354 1460 1620 1535 proxima
1646 1469 1701 1511 et
1726 1478 1836 1512 ex-

102 1552 286 1599 trema
308 1562 419 1597 una
443 1547 505 1598 fit
523 1548 638 1600 sors
666 1546 905 1600 secunda
933 1545 1002 1600 ab
1025 1546 1166 1601 urbe
1201 1556 1258 1600 et
1276 1546 1516 1600 secunda
1540 1543 1611 1598 ab
1637 1553 1834 1597 extre-

98 1629 311 1694 mitate,
351 1638 409 1683 et
438 1630 687 1701 reliquae
721 1631 801 1685 ita
839 1651 1053 1686 omneS.
1102 1632 1487 1706 peragendum
1526 1638 1716 1684 autem
1760 1630 1834 1682 est

103 1715 270 1769 etiam
291 1715 354 1768 in
376 1715 610 1785 geminis
634 1715 1030 1787 partitionibus
1056 1715 1112 1770 id
1139 1719 1291 1788 quod
1316 1717 1488 1771 modo
1508 1715 1835 1768 monuimus

103 1800 173 1853 de
206 1800 419 1852 vilitate
451 1809 509 1851 et
553 1796 803 1852 bonitate
846 1799 1119 1871 regionis,
1171 1812 1229 1854 et
1260 1798 1625 1855 multitudine
1662 1808 1834 1870 atque

102 1884 407 1957 exiguitate
453 1883 762 1938 distributio
820 1885 1194 1955 exaequanda.
1256 1883 1633 1939 d‘etribuendi
1687 1900 1829 1938 vero

102 1971 272 2025 etiam
302 1970 409 2024 viri
444 1968 505 2023 in
536 1968 829 2022 duodecim
863 1981 1071 2042 parte&
1104 1977 1162 2024 et
1198 1970 1278 2024 rel
1305 1987 1449 2041 quae
1490 1985 1624 2041 opes
1650 1965 1709 2020 in
1731 1986 1832 2021 ae-

19 2087 23 2093 ›
101 2056 293 2129 quales
329 2073 503 2127 quam
534 2053 781 2108 maxime
831 2053 1126 2109 duodecim
1171 2062 1358 2127 partes
1395 2053 1833 2126 componendae,

0 2205 14 2223 ..
41 2140 66 2200 f
100 2139 469 2214 descriptione
500 2139 756 2194 omnium
797 2136 964 2194 facta.
1002 2149 1167 2212 atque
1193 2140 1362 2194 etiarn
1387 2139 1585 2192 deinde
1612 2138 1833 2193 duode-

100 2228 210 2283 cim
246 2226 350 2280 diis
385 2225 679 2280 duodecim
721 2225 890 2279 sortes
915 2226 1210 2299 ponendae
1248 2237 1305 2279 et
1341 2225 1751 2299 nuncupandae
1776 2231 1833 2276 et

0 2373 5 2396 ,
36 2323 42 2337 ·’
98 2331 231 2387 pars
256 2313 404 2365 sorte
436 2313 722 2365 constituta
761 2311 960 2384 cuique
997 2312 1103 2366 deo
1141 2310 1509 2366 consecranda
1541 2309 1830 2379 tribusque

98 2397 442 2471 appellanda.
496 2396 826 2461 dividendae
869 2395 1036 2452 etiam
1090 2397 1246 2451 urbis
1298 2393 1589 2451 duodecim
1639 2402 1827 2466 partes
1866 2452 1874 2459 ,

101 2483 299 2537 eodem
325 2482 514 2549 mode,
554 2499 667 2554 quo
696 2482 970 2553 reliquam
1000 2482 1291 2553 regionem
1316 2481 1623 2535 diviserunt
1634 2495 1651 2540 ;
1691 2485 1746 2530 et
1767 2476 1828 2529 in

101 2566 239 2622 duas
288 2586 540 2639 quaeque
593 2566 970 2639 dispertienda
1005 2567 1389 2635 habitationes,
1427 2583 1598 2619 unam
1619 2612 1621 2614 .
1645 2579 1827 2638 prope

100 2652 350 2707 medium
381 2662 437 2705 et
460 2654 692 2707 alteram
721 2670 901 2726 prope
935 2652 1310 2707 extremitates
1319 2671 1341 2719 3
1378 2658 1434 2703 et
1455 2649 1608 2705 urbis
1630 2646 1830 2703 consti-

100 2736 244 2790 tutio
262 2735 340 2790 ita
360 2738 709 2793 absolvenda.

245 2819 500 2890 Cogitate
525 2833 710 2876 autem
746 2822 856 2877 hoc
890 2843 992 2876 nos
1020 2831 1246 2896 oportet
1274 2820 1428 2875 omni
1452 2819 1623 2875 modo
1649 2837 1825 2873 num-

103 2909 270 2975 quam'
296 2902 419 2956 sore
443 2914 508 2957 ut
534 2907 722 2961 omnia
764 2927 917 2961 nunc
952 2908 1099 2962 dicta
1132 2909 1267 2963 tales
1291 2908 1353 2961 in
1378 2904 1818 2980 opportunitates

103 2997 460 3052 concurrant,
498 2989 575 3042 ita
595 3000 658 3043 ut
679 2993 936 3047 eveniant
958 2993 1162 3047 rationi
1187 2991 1662 3047 convenienterfic
1690 3004 1819 3039 om·-

100 3073 212 3133 nia,
239 3083 295 3126 et
316 3073 423 3126 viri
452 3071 766 3128 huiusmodi
801 3081 1257 3134 communitatem
1285 3097 1397 3131 non
1426 3092 1590 3145 aegre
1615 3072 1816 3136 ferant,

102 3158 191 3210 sed
212 3155 658 3232 sustineantopes
681 3159 944 3215 habentes
970 3166 1186 3217 statutas
1212 3172 1265 3216 ct
1289 3159 1595 3215 mediocres
1620 3156 1679 3211 in
1696 3174 1814 3209 om-

94 3243 155 3297 ni
183 3243 342 3297 vitali
367 3242 751 3316 berorumque
773 3246 1181 3318 procreationes
1207 3266 1343 3319 quas
1365 3243 1610 3300 diximus
1631 3243 1815 3311 fingu-
