2176 3672
876 293 1434 387 LEGESs
1911 304 1994 382 '⁶7

253 456 485 495 omnem
528 446 747 494 metum
782 436 1050 494 deveniat
1083 436 1411 492 fortissimua
1446 434 1775 505 hominum,
1793 462 1992 516 quum

254 544 391 580 vero
418 508 782 579 edoimiverit
808 533 866 578 et
896 523 1283 599 potioneliber
1285 533 1406 580 atus
1429 522 1624 594 fuenit,
1638 527 1829 581 rursus
1844 530 1995 586 fem..

252 629 357 684 per
378 610 532 665 idem
557 610 772 664 exfistat
787 607 815 661 2
1901 634 1905 638 -

405 752 490 808 Gl.
538 751 616 808 Et
657 770 963 824 quamnam
1002 750 1325 809 huiusmodi
1364 754 1649 819 dicamus,
1683 754 1952 832 hospes,
1934 775 1998 812 m

252 837 580 895 hominibus
603 838 815 892 exstare
842 838 1129 910 potionem
1147 839 1175 893 ¹?

394 982 530 1038 Ath.
589 981 817 1037 Nullam
856 995 1023 1040 ver-og
1083 980 1119 1033 fi
1156 987 1347 1033 autem
1395 974 1687 1036 'exfisteret
1730 983 1999 1040 alicunde

255 1069 456 1122 effetae
478 1068 778 1138 aliquando
809 1065 875 1119 ad
902 1063 1293 1141 fortitudinem
1317 1065 1639 1138 legislatori
1663 1069 1813 1125 utilis
1829 1070 1858 1123 ’ἓ
1894 1090 1998 1126 ve..

253 1153 340 1208 lut
365 1153 473 1206 hoc
499 1153 570 1205 de
592 1153 685 1206 illa
709 1154 839 1205 saue
865 1149 1128 1221 posfimus
1147 1142 1436 1218 ei'dicereg
1475 1151 1612 1223 Age,
1632 1154 1814 1226 olegis
1839 1157 2000 1222 lator,

254 1238 370 1292 ssve
403 1238 660 1292 Cietibus
684 1238 793 1289 five
829 1235 949 1289 aliis
982 1234 1433 1306 quibuscumque
1469 1238 1618 1309 leges
1647 1259 1835 1312 xogas‚
1873 1242 1998 1314 pri·-
2051 1276 2053 1278 -

254 1340 488 1376 mumne
500 1320 783 1395 cupiveris
812 1319 1028 1374 civium
1058 1324 1211 1393 posse
1235 1320 1553 1428 periculum
1578 1322 1818 1378 facere'
1797 1344 1860 1380 m
1881 1325 2000 1380 sor·

155 1478 157 1480 ¹
251 1406 493 1462 titudine
514 1417 568 1460 et
601 1405 871 1479 ignavia?

396 1548 478 1605 Cl.
503 1549 796 1625 Quisque,
829 1558 896 1604 ut
914 1558 1086 1623 patet,
1124 1550 1382 1606 affirmet

389 1693 531 1758 Ath.
570 1693 721 1770 Quid
737 1694 764 1749 ’ἓ
802 1713 932 1749 cum
948 1692 1239 1795 securitate
1259 1703 1314 1748 et
1334 1696 1446 1749 fine
1472 1692 1737 1770 periculis
1759 1696 1996 1767 maguis,

252 1797 326 1833 an
351 1790 582 1837 contra.
561 1781 585 1820 ²

398 1922 479 1981 cl.
538 1926 662 1978 Hoc
709 1942 937 1997 quoque
977 1917 1439 1979 cum'securitate
1483 1920 1723 1997 quisque
1755 1924 1996 1982 confite-

252 2007 419 2065 bitur.

395 2152 539 2208 Ath.
578 2153 842 2207 Uterisne
858 2152 1036 2223 igitur
1060 2153 1130 2205 ad
1170 2152 1404 2206 timores
1427 2153 1550 2206 illos
1574 2152 1782 2207 ducens
1809 2161 1864 2207 et
1898 2172 1998 2207 re-

255 2237 532 2309 darguens
565 2237 624 2291 iu
650 2238 1195 2309 perturbationibuS‚
1240 2249 1302 2290 ut
1332 2237 1548 2290 timoris
1581 2255 1673 2289 eos
1702 2255 1862 2308 cogas
1887 2258 1996 2296 ex·-

252 2336 436 2397 pertes
464 2322 619 2388 fieri,
660 2321 961 2376 adhortans
987 2333 1041 2376 et
1063 2325 1370 2378 admonens
1406 2332 1463 2374 et
1486 2323 1704 2376 honore
1731 2323 1994 2395 afficiens,

253 2410 565 2483 ignominia
588 2418 778 2464 autem
804 2416 1002 2462 notans
1029 2429 1159 2463 eum
1187 2410 1286 2482 qui
1309 2427 1340 2460 a
1368 2418 1424 2460 te
1446 2427 1561 2461 non
1588 2410 1994 2480 persuadeatur

254 2509 320 2552 ut
343 2499 468 2552 talis
493 2499 553 2550 fit
573 2497 792 2568 qualem
822 2505 883 2548 tu
907 2514 1079 2567 ponas
1109 2496 1166 2550 in
1195 2494 1458 2549 omnibus
1477 2495 1503 2547 ’Ξ
1542 2506 1598 2547 et
1625 2495 1721 2564 qui
1748 2497 1803 2548 se
1819 2514 1994 2550 exer-

255 2585 431 2638 cuerit
471 2583 614 2636 bene
648 2602 714 2636 ac
747 2581 1001 2647 fortiter,
1039 2600 1167 2633 eum
1190 2580 1535 2651 impunitum
1565 2580 1842 2649 dimittes,
1883 2582 1989 2653 qui

252 2688 387 2723 vero
417 2669 579 2734 male,
616 2675 747 2722 eum
774 2686 953 2741 poena
977 2666 1223 2719 afficies?
1270 2685 1342 2719 an
1376 2666 1604 2719 omnino
1639 2686 1756 2721 non
1784 2669 1988 2738 uteriS,

256 2755 459 2809 etiamsi
485 2753 630 2807 nihil
655 2763 939 2826 praeterea
962 2752 1020 2805 in
1051 2752 1279 2825 potione
1303 2751 1723 2824 reprehendas?

402 2882 487 2937 Οἱ.
524 2883 601 2937 At
627 2880 821 2954 quidni
846 2890 1055 2946 utatur,
1091 2878 1332 2953 hospes?

398 3007 535 3063 Ath.
571 3008 913 3063 Exercitatio
941 3007 1186 3079 quidem,
1225 3008 1420 3072 amice,
1459 3007 1526 3062 ad
1556 3027 1646 3061 eas
1668 3023 1812 3079 quae
1834 3025 1989 3062 nunc

261 3093 387 3145 {unt
419 3091 731 3146 admirabili
767 3093 874 3147 erit
909 3094 1192 3160 facilitate,
1229 3097 1342 3149 sive
1366 3111 1514 3147 unus
1540 3094 1645 3146 five
1670 3092 1830 3165 pauci
1855 3095 1986 3160 five,

262 3186 639 3249 quotcumque
660 3177 933 3245 volucria,
970 3181 1007 3234 fi
1032 3190 1361 3244 exerceant3
1400 3189 1454 3232 ct
1479 3180 1586 3232 five
1608 3179 1733 3249 quie
1762 3180 1909 3234 solus
1922 3179 1982 3231 in

256 3259 550 3317 solitudine
576 3260 650 3313 ita
676 3263 942 3318 adversus
965 3266 1197 3321 timores
1223 3267 1277 3320 se
1300 3273 1579 3330 exerceat,
1602 3274 1663 3319 ut
1683 3264 1898 3335 pudore
1923 3261 1980 3313 sc

263 3347 547 3411 subducat,
563 3355 864 3416 antequam
887 3348 1098 3404 bonum
1124 3352 1354 3423 adeptus
1379 3351 1545 3406 fuerit
1566 3348 1844 3408 habitum,
1874 3346 1982 3398 sese

262 3452 374 3487 non
413 3431 615 3485 debere
641 3431 916 3486 arbitrans
953 3434 1307 3504 spectandum
1346 3435 1647 3494 exhibere,
1693 3432 1981 3504 potionem

1523 3518 1639 3573 132
