2176 3672
793 176 1343 237 LEGES1u
1836 126 1940 254 ιώ

208 345 364 386 nuno
401 334 705 382 revocatur
743 324 895 396 quafi
929 319 1230 390 divinitus,
1283 328 1339 374 et
1372 320 1529 375 velut
1553 319 1739 376 ansam
1780 322 1944 379 nobis

209 414 340 483 dat3
386 411 541 465 venit
588 408 741 464 enim
764 407 855 486 sad
891 406 1071 480 ipsam
1106 405 1594 461 Lacedaemonem
1641 407 1944 486 conditam,
1992 439 1998 451 ι

209 516 381 570 quam
404 515 503 551 vos
528 504 679 550 recte
713 493 890 548 dicitis
912 493 1091 547 isdem
1121 501 1287 565 atque
1308 492 1538 548 Cretam
1565 491 1783 563 legibus
1811 511 1941 548 con-

205 584 450 638 stitutam
467 586 585 636 effe.
624 599 776 634 nunc
789 579 959 652 igitur
979 588 1202 633 tantum
1219 577 1560 650 profecimus
1570 578 1837 634 orationis
1853 579 1944 633 di-

205 666 494 741 greffione‚
511 686 686 740 quum
713 666 782 719 de
807 665 1119 720 civitatibus
1137 664 1473 736 quibusdam
1498 684 1809 748 rerumque
1829 684 1944 739 pu-

205 756 478 810 blicarum
537 752 1013 808 constitutionibus
1063 770 1506 824 exponeremus:
1570 751 1944 826 spectavimus

204 842 452 916 primam
496 852 551 894 et
586 841 883 895 secundam
925 849 982 892 et
1014 837 1235 894 tertiam
1258 837 1560 906 civitatem,
1598 837 1945 892 constitutio*

204 947 306 982 nes
322 927 605 994 habentes,
643 935 708 980 ut
732 926 1098 987 arbitramur,
1132 927 1277 976 inter
1299 925 1355 976 se
1381 933 1539 995 aptas
1562 942 1666 996 per
1695 932 1945 978 immen-

207 1013 330 1067 sum
364 1012 649 1083 quoddam
682 1012 949 1084 temporis
978 1009 1234 1083 spatium.
1272 1028 1427 1063 nunc
1461 1028 1603 1063 vero
1627 1021 1830 1083 quarta
1844 1031 1943 1066 no·

204 1098 291 1154 bis
315 1098 473 1151 venit
499 1099 634 1152 haec
660 1097 812 1160 urba,
850 1097 956 1162 vel,
991 1097 1030 1148 fi
1052 1094 1242 1159 volti-⁴3,
1279 1113 1439 1166 gena,
1474 1106 1613 1151 tunc
1635 1098 1862 1153 condita
1888 1107 1948 1153 et

205 1203 357 1238 nunc
382 1184 705 1237 constituta.-
741 1202 816 1236 ex
841 1181 1040 1254 quibus
1058 1181 1282 1252 quidem
1310 1183 1573 1237 omnibus
1596 1183 1786 1254 fiquid
1813 1202 1943 1238 con-

208 1271 435 1323 cludere
452 1267 798 1340 potuerimus
822 1267 957 1338 quid
991 1266 1135 1320 bene
1160 1286 1335 1322 necne
1360 1270 1720 1323 constitutum
1748 1268 1945 1345 fuerit,

203 1355 390 1428 quales
419 1356 566 1426 leges
592 1354 926 1407 conservent
959 1372 1023 1406 ea
1059 1370 1204 1423 quae
1239 1355 1643 1410 conserventur
1662 1366 1720 1410 et
1750 1358 1942 1428 quales

204 1449 571 1512 corrumpant
592 1459 656 1493 ea
684 1457 826 1509 quae
851 1447 1309 1510 corrumpantur,
1327 1449 1384 1494 et
1405 1460 1510 1516 pro
1541 1441 1742 1513 quibus
1765 1461 1943 1514 quae-

200 1545 335 1580 nam
363 1525 679 1588 substitutae
713 1524 930 1578 beatam
964 1522 1208 1578 efficiant
1230 1523 1536 1594 civitatem,
1574 1546 1608 1580 o
1630 1527 1858 1600 Megille
1886 1536 1944 1582 et

202 1612 401 1676 Clinia,
429 1610 565 1664 haec
577 1612 771 1663 rursus
795 1619 1086 1680 tamquam
1115 1609 1184 1663 ab
1209 1609 1368 1665 initio
1395 1611 1939 1685 nobissexponendm

199 1697 299 1752 nifi
324 1695 456 1769 quid
484 1696 545 1748 in
575 1695 926 1749 sermonibus
960 1695 1143 1748 adhuc
1167 1697 1371 1751 collatis
1398 1697 1749 1754 offendimus.

344 1827 457 1882 Me.
492 1825 695 1882 Imm0‚
714 1840 747 1873 o
772 1821 986 1893 hospeS,
1002 1822 1039 1874 fi
1064 1822 1185 1892 quis
1213 1822 1372 1877 nobis
1398 1825 1766 1897 polliceretur
1777 1827 1939 1899 deus,

202 1929 306 1965 nos
340 1909 550 1963 iterum
590 1908 833 1960 instituta
861 1907 930 1959 de
958 1907 1169 1976 legibus
1199 1906 1444 1962 ferendis
1479 1913 1792 1981 quaestione
1817 1915 1941 1968 ser-

202 1995 467 2050 monibus
484 2012 631 2047 nuuc
657 1992 887 2066 prolatis
915 2011 1095 2063 neque
1121 1992 1425 2049 deteriores
1451 2013 1635 2067 neque
1648 1997 1938 2070 pauciores

205 2084 309 2135 effe
339 2079 655 2144 auditurOS,
694 2078 923 2148 longum
961 2077 1222 2148 equidem
1262 2081 1372 2134 iter
1403 2081 1647 2136 libenter
1670 2082 1936 2152 facerem,

204 2175 262 2219 et
289 2163 475 2218 brevis
500 2162 639 2216 mihi
668 2160 950 2217 videretur
972 2183 1234 2236 praesens
1268 2165 1385 2219 dies
1422 2170 1527 2220 esse
1539 2186 1555 2231 ;
1593 2185 1938 2240 quamquam

202 2250 251 2304 is
278 2249 399 2304 fere
420 2250 494 2302 est
515 2266 625 2319 quo
654 2267 685 2301 a
709 2247 932 2302 soistitio
959 2249 1028 2303 ad
1061 2249 1317 2305 brumam
1347 2250 1483 2305 deus
1510 2254 1880 2324 convertitur·

343 2374 482 2433 Am.
525 2377 765 2450 Oportet
789 2379 938 2445 sane,
974 2386 1039 2431 ut
1061 2377 1294 2444 videtur,
1331 2379 1471 2434 haec
1492 2379 1768 2453 indagari.

346 2509 463 2562 Me.
499 2509 582 2563 Ita
605 2506 788 2579 plane.

338 2635 476 2690 Atlz.
515 2633 1154 2709 Complectamurigitur
1169 2634 1503 2706 cogitatione
1526 2644 1752 2712 tempus
1775 2637 1934 2706 illud,

205 2736 319 2790 quo
342 2720 724 2777 Lacedaemon
759 2731 815 2774 et
836 2722 1013 2792 Argos
1042 2729 1096 2773 et
1133 2720 1375 2776 Meffene
1402 2723 1603 2795 hisque
1634 2723 1936 2779 coniuncta

208 2804 488 2860 maiorum
522 2810 855 2870 vestrorum,
903 2827 936 2860 o
968 2807 1224 2879 Megille,
1269 2808 1510 2882 imperio
1537 2808 1782 2863 subiecta
1804 2808 1934 2862 satis

209 2897 398 2955 erant3
436 2889 634 2945 deinde
669 2910 810 2946 vero
848 2893 1031 2947 visum
1064 2896 1139 2948 est
1168 2893 1274 2963 eia,
1306 2905 1371 2949 ut
1401 2894 1592 2950 fabula
1613 2904 1808 2948 narrat
1830 2893 1934 2947 tri-

209 2971 417 3042 partito
441 2976 748 3032 exercitum
762 2978 1013 3034 dividere
1029 2979 1237 3054 trisque
1263 2980 1431 3037 urbes
1455 2980 1720 3048 condere,
1736 2979 1933 3050 Argos,

210 3054 507 3123 Meffenen,
540 3053 1034 3121 Lacedaemonem.

349 3183 462 3239 Me.
497 3181 644 3239 Sane
667 3186 911 3257 quidem·

351 3307 479 3366 Ath.
516 3308 597 3366 Ac
628 3330 735 3368 rex
761 3314 986 3385 quidem
1008 3315 1289 3389 argorum
1325 3320 1606 3376 Temenus
1630 3315 1928 3384 estractus,
