2132 3652
754 263 1293 323 LEGEslu
1523 222 1528 226 ’
1784 267 1889 342 ιφ

178 414 329 479 iure,
384 426 420 462 o
461 406 917 474 Lacedaemonii,
964 406 1071 461 hoe
1112 403 1324 459 civitati
1361 404 1570 460 vestrae
1605 403 1888 471 tribuitur.

177 494 325 570 quod
349 494 665 568 paupertati
685 502 741 546 et
765 491 989 556 divitiis,
1024 508 1199 563 regno
1230 500 1287 544 et
1308 490 1457 545 vitae
1479 489 1732 564 privatae
1756 493 1895 546 nul-

174 582 292 636 lum
315 578 545 633 omnino
566 576 834 650 infignem
853 577 1128 632 honorem
1141 586 1199 630 et
1219 575 1606 631 educationem
1629 575 1895 651 imperti-

172 663 273 732 tis,
321 681 465 734 quae
497 682 612 717 non
648 662 718 717 ab
749 662 908 718 initio
947 662 1105 717 vobis
1137 660 1332 716 divina
1366 670 1570 715 natura
1593 678 1699 734 per
1720 661 1893 718 deum

173 747 471 821 quendam»
494 747 754 803 vaticinio
794 745 1156 807 constituerim
1207 765 1389 817 neque
1423 745 1576 799 enim
1603 745 1811 802 debent
1829 747 1893 803 in

171 833 394 889 civitate
422 831 615 888 eximii
644 837 748 889 effe
769 832 1037 900 honoreS,
1090 849 1158 885 eo
1193 829 1341 901 quod
1371 829 1580 885 divitiis
1616 832 1895 906 quispiam

173 918 419 981 excellit,
449 936 635 989 neque
663 916 831 972 etiam
860 936 926 971 eo
953 915 1099 987 quod
1127 916 1291 969 velox
1316 914 1406 969 vel
1419 913 1650 988 pulcher
1673 917 1771 981 vel
1791 935 1894 972 ro·-

167 1002 354 1057 bustus
388 1005 461 1057 est
484 1004 593 1056 fine
619 1002 831 1056 virtute
855 1002 1069 1074 aliqua,
1104 1018 1288 1072 neque
1311 997 1462 1071 quod
1489 994 1701 1056 virtho
1713 1018 1893 1072 prae-

167 1087 267 1142 stat
292 1088 333 1141 fi
358 1088 731 1160 temperantia
749 1086 819 1141 ab
845 1106 909 1142 ea
931 1086 1096 1142 abest.

307 1202 418 1259 Me.
457 1199 755 1273 Quomodo
782 1201 904 1265 hoc,
940 1199 1153 1273 hospe3‚
1191 1198 1370 1254 dicis?

306 1315 448 1375 Aeh.
485 1313 776 1368 Fortitudo
802 1314 930 1368 sane
960 1333 1092 1391 pars
1114 1312 1486 1385 virtutisssuna.

306 1427 418 1484 Me.
457 1426 721 1501 Quidni?

303 1541 449 1598 Ath.
485 1540 672 1596 ludica
693 1516 867 1610 igitur
886 1542 999 1613 ipse
1021 1540 1273 1595 oratione
1301 1548 1595 1615 percepta,
1631 1557 1773 1595 num
1796 1559 1888 1596 ve-

163 1627 230 1682 lis
259 1626 360 1680 tibi
383 1626 841 1680 contubernalem
865 1626 959 1680 vel
984 1626 1237 1681 vicinum
1267 1645 1612 1699 quemquam
1649 1612 1892 1682 effevaf-

164 1712 234 1767 de
253 1712 482 1786 quidem
509 1708 738 1772 fortem,
758 1720 816 1764 at
838 1729 956 1766 non
979 1722 1408 1787 temperantem,
1420 1712 1513 1767 sed
1537 1708 1888 1768 effrenatum.

301 1823 413 1881 Me.
451 1823 547 1879 Dii
575 1809 844 1879 meliorat

304 1938 436 1996 Ath.
498 1936 654 2010 Quid
700 1934 883 1989 vero?
931 1934 1290 1994 artificiosum
1336 1938 1652 2012 harumque
1693 1958 1887 1997 rerum

161 2025 429 2099 peritum,
465 2031 524 2078 at
540 2021 840 2076 iniustum?
1200 2045 1203 2048 ·

299 2140 415 2197 Me.
449 2135 828 2209 Nequaquam.

300 2248 439 2308 Ath.
476 2253 596 2306 Iam
610 2266 748 2304 vero
770 2246 970 2303 iustitia
987 2267 1099 2303 non
1117 2247 1362 2307 nascitur
1374 2252 1485 2307 fine
1497 2249 1885 2326 temperantia.

299 2368 415 2425 Me.
454 2365 575 2439 Qui
600 2361 750 2417 enim
779 2360 989 2435 potest?

298 2479 444 2536 'Ath-
482 2479 678 2550 Neque
696 2475 882 2537 etiam.
921 2493 1088 2548 quem
1114 2478 1419 2553 sapientem
1440 2496 1542 2535 nos
1564 2479 1734 2552 supra
1747 2496 1888 2552 pro-

160 2565 477 2639 posuimus,
512 2564 829 2634 voluptates
865 2570 923 2614 et
956 2561 1172 2620 dolores
1196 2563 1500 2620 habentem
1525 2563 1890 2623 concinentes*

159 2666 291 2705 cum
314 2648 483 2705 rectis
509 2641 820 2703 rationibus
843 2664 1046 2720 easque
1069 2649 1374 2721 sequentem

299 2764 415 2820 Me.
450 2762 683 2819 Minime
709 2781 869 2818 vero-

296 2859 440 2931 'Athss
474 2875 764 2934 Praeterea
784 2878 893 2934 hoc
919 2896 1143 2953 quoque
1172 2877 1579 2934 confideremus
1592 2915 1612 2942 ,
1649 2875 1884 2950 quinam

164 2956 225 3011 in
246 2954 463 3013 civitate
478 2957 723 3036 'honores
745 2964 885 3022 recti
906 2966 1129 3041 semper
1161 2966 1276 3035 fint,
1311 2963 1410 3036 qui
1432 2981 1550 3021 non
1575 2964 1695 3018 fint.

305 3068 414 3126 Me.
453 3069 740 3144 Quidnam
758 3074 783 3130 2

303 3181 439 3238 Aah.
481 3183 877 3256 Temperantia
899 3189 1008 3244 fine
1030 3190 1186 3247 omni
1212 3188 1429 3265 reliqua
1450 3189 1658 3247 virtute
1672 3186 1730 3246 in
1758 3189 1884 3248 ani·-

163 3285 256 3322 mo
280 3267 464 3338 aliquo
492 3267 706 3324 deserta
728 3289 801 3325 an
817 3271 942 3328 iure
964 3275 1336 3349 honorabitur
1360 3296 1534 3334 necne
1548 3277 1578 3331 ‘I

302 3380 416 3439 Me.
453 3381 583 3438 Non
606 3384 785 3440 habeo
806 3389 1085 3459 quomodo
1109 3390 1302 3449 dicam.

43 3470 49 3494 ‘
142 3547 147 3555 ἱ
243 3465 546 3523 Tom.VI.
1489 3475 1540 3528 N
