2132 3652
730 226 862 282 LE
903 226 1116 281 GEs
1189 226 1283 283 Vl.
1777 235 1888 306 527

129 373 306 444 poffit.
378 367 639 439 equidem
687 387 825 422 vero
871 382 1227 441 nequaquam
1270 370 1331 423 in
1367 381 1644 443 promptu
1690 375 1872 430 habeo

121 453 279 525 qnod
309 449 491 510 dicam
530 454 590 507 in
623 453 938 527 praesentia
975 462 1203 526 praeter
1230 474 1406 512 uuam
1429 460 1786 515 necessariam
1812 471 1871 515 et

119 537 608 595 accommodatam
633 538 964 593 orationem.
1759 558 1761 565 ⁴

267 664 351 726 C'l.⁶
390 666 718 741 Quamnam
733 666 760 719 ’ἓ

260 794 394 852 ΛιΙι.
433 794 538 851 Αἰο
562 794 696 850 huic
722 793 934 850 civitati
961 812 1130 867 quam
1158 794 1399 852 condere
1424 795 1686 851 volumus
1709 796 1865 850 velut

38 914 41 916 Δ
119 891 339 953 patrem
371 892 428 936 et
463 891 703 935 matrem
731 899 847 935 nou
877 886 981 936 effe
1007 881 1102 935 nifi
1135 881 1311 952 ipsam
1333 897 1479 950 quae
1512 899 1634 933 eam
1659 881 1864 936 condat

118 966 437 1034 civitatem,
500 966 650 1021 haud
695 966 955 1037 ignorans
996 966 1211 1040 saepius
1251 966 1364 1020 iam
1405 964 1618 1019 factum
1659 970 1764 1019 effe
1807 975 1864 1020 et

117 1050 240 1106 fore
271 1062 337 1105 ut
368 1051 615 1108 civitates
654 1052 908 1110 conditae
941 1052 1015 1106 ab
1056 1052 1133 1106 eis
1160 1069 1306 1123 quae
1331 1049 1705 1104 condiderunt
1737 1049 1859 1103 dis-

114 1137 342 1196 fideant.
363 1157 519 1192 nunc
545 1148 732 1192 tamen
761 1137 818 1190 in
838 1138 1175 1210 praesentia,
1193 1135 1668 1209 quemadmodum
1693 1153 1853 1207 puer,

115 1225 151 1277 fi
172 1224 397 1294 quando
422 1214 817 1278 adversaturus
842 1224 915 1276 est
936 1223 1280 1295 parentibuS,
1320 1223 1382 1275 in
1405 1221 1688 1294 praesenti
1713 1240 1854 1274 con-

113 1308 215 1362 filii
240 1308 430 1383 inopia
457 1327 570 1380 qua
593 1308 830 1382 pueritia
855 1308 1092 1364 afficitur
1115 1308 1304 1381 diligit
1330 1317 1387 1362 et
1414 1306 1664 1378 diligitur
1688 1324 1720 1359 a
1744 1325 1852 1379 pa-
1931 1303 1937 1308 ’
1997 1307 2004 1319 “

110 1394 366 1448 rentibus
389 1396 719 1466 semperque
737 1393 1060 1465 confugiens
1074 1396 1143 1466 ad
1163 1392 1505 1467 propinquos
1529 1392 1850 1448 neceffarios

110 1479 253 1532 solos
275 1481 484 1552 reperit
514 1480 706 1547 socioS,
739 1480 817 1535 ita
840 1499 991 1534 nunc
1022 1481 1146 1534 dico
1171 1480 1321 1533 idem
1334 1478 1540 1533 Cnofiis
1562 1495 1851 1551 novaeque

108 1561 315 1631 civitati
342 1575 577 1637 propter
599 1573 852 1618 mutuam
878 1585 1072 1620 curam
1099 1566 1316 1635 praesto
1345 1567 1461 1619 effe.
1485 1562 1610 1616 dico
1635 1572 1845 1630 autem,

108 1648 259 1718 quod
284 1650 456 1704 modo
485 1634 796 1704 memora'vi
819 1650 924 1721 (bis
953 1651 1102 1705 enim
1124 1653 1160 1706 fi
1186 1649 1492 1723 pulchrum
1517 1647 1721 1703 dicitur
1747 1647 1847 1701 ni-

108 1733 189 1785 hil
213 1740 426 1802 nocet),
464 1735 689 1788 cnofios
718 1746 978 1806 oportere
1002 1737 1072 1789 de
1104 1736 1191 1799 his
1226 1735 1488 1789 omnibus
1517 1752 1712 1789 curam
1739 1733 1845 1787 ad-

108 1816 305 1869 hibere
336 1818 730 1878 communiter,
769 1830 1092 1893 cooptantes
1119 1839 1189 1873 ex
1217 1820 1292 1873 eis
1329 1820 1426 1891 qui
1461 1819 1522 1874 in
1564 1819 1842 1874 coloniam

107 1900 367 1955 venerint
394 1912 531 1955 natu
556 1903 834 1956 maximos
861 1904 1211 1976 optimosque
1232 1923 1335 1976 pro
1359 1903 1589 1969 viribuS,
1626 1884 1843 1975 ‹iligen-¹

107 1996 190 2040 tes
214 2006 329 2039 non
358 1988 542 2040 minus
567 2005 735 2058 quam
766 1998 988 2043 centum
1012 1990 1192 2057 viros;
1229 1990 1594 2062 ipsorumque
1618 1987 1842 2047 Cnofio-

103 2091 235 2127 rum
263 2073 425 2126 sunto
451 2081 678 2125 centum
706 2072 817 2128 alii,
851 2074 939 2128 his
965 2074 1135 2146 igitur
1158 2074 1217 2129 in
1246 2094 1454 2131 novam
1477 2074 1677 2129 urbem
1708 2092 1844 2147 pro·

102 2156 260 2210 fectis
295 2157 419 2211 dico
462 2158 845 2212 communiter
890 2161 1205 2215 curandum
1246 2165 1351 2217 effe
1393 2169 1457 2213 ut
1494 2160 1842 2230 magistratus

105 2242 510 2298 constituantur
544 2243 856 2298 secundum
894 2245 1041 2316 leges
1075 2246 1461 2317 constitutique
1493 2244 1835 2316 probentur3

92 2327 219 2399 'quo
252 2328 482 2398 quidem
516 2327 666 2383 facto
707 2328 885 2383 Cnosii
921 2330 1168 2386 incolent
1207 2320 1479 2398 Cnosum,
1517 2348 1669 2407 nova
1698 2347 1836 2381 vero

103 2413 241 2467 urbs
266 2416 321 2466 se
355 2414 533 2488 ipsam
569 2414 812 2469 studebit
838 2418 1066 2470 servare
1103 2425 1162 2470 et
1201 2415 1425 2471 felicem
1460 2413 1715 2468 reddere.
1754 2413 1838 2467 illi

19 2560 26 2575 λ
103 2509 290 2553 autem
318 2499 412 2571 qui
450 2499 512 2553 in
550 2501 761 2572 septem
793 2510 849 2554 et
882 2501 1113 2572 triginta
1150 2499 1410 2554 virorum
1443 2518 1686 2557 numero
1706 2501 1838 2552 sunt

101 2604 257 2640 nunc
287 2595 342 2638 et
380 2587 659 2657 posterum
693 2583 1020 2639 universum
1056 2595 1282 2659 tempus
1316 2574 1389 2640 ad
1425 2585 1563 2640 haec
1595 2604 1838 2643 munera

103 2670 422 2724 sustinenda
449 2681 733 2725 creantorz
760 2669 1008 2743 primum
1036 2671 1286 2725 custodes
1307 2672 1469 2724 sunto
1485 2671 1695 2744 legum,
1732 2670 1835 2727 de·-

103 2754 238 2806 inde
273 2755 585 2811 tabularum
621 2760 683 2812 in
732 2756 932 2828 quibus
978 2758 1210 2829 quisque
1236 2754 1613 2830 perscripserit
1647 2757 1834 2829 magi-

104 2837 818 2910 stratibusmagnitudinem
848 2842 930 2895 rei
954 2843 1081 2897 suae
1111 2842 1431 2909 familiari33
1469 2851 1524 2896 et
1552 2844 1833 2898 maximus

106 2921 336 2991 quidem
367 2926 558 2976 census
590 2926 653 2979 fit
682 2938 943 2997 quattuor
978 2928 1299 2997 minarum,
1334 2929 1611 2983 secundus
1634 2927 1829 2995 trium,

108 3005 301 3059 tertius
324 3006 564 3063 duarum
588 3018 640 3063 et
661 3012 820 3067 unius
845 3014 1029 3070 minae
1045 3023 1309 3085 quartu33
1331 3014 1370 3066 fi
1393 3032 1530 3066 vero
1550 3010 1828 3085 quispiam

106 3092 256 3147 aliud
283 3091 409 3161 quid
434 3092 749 3162 reperiatur
761 3108 984 3170 praeter
1007 3101 1311 3173 perscripta
1330 3098 1618 3170 posfidens‚
1642 3097 1830 3170 publi·-

109 3187 261 3229 cator
283 3176 390 3230 hoo
404 3186 603 3241 totum,
618 3187 673 3231 et
693 3190 977 3251 praeterea
999 3183 1058 3237 in
1077 3184 1345 3238 iudicium
1366 3192 1634 3236 vocatura
1651 3183 1825 3255 quoli-

106 3261 203 3315 bet
230 3262 486 3318 accusare
502 3263 726 3321 volente
740 3283 923 3341 neque
941 3267 1229 3330 honestum
1246 3287 1428 3341 neque
1454 3267 1712 3337 faustum,
1737 3268 1826 3323 sed
