2176 3672
865 163 1451 252 LEGESL'
1566 246 1568 249 ,
1906 206 2057 280 Q*

250 345 368 419 ip‘fo
417 350 471 395 et
508 338 855 413 superiorem
887 345 941 391 et
961 334 1280 393 inferiorem
1311 342 1434 407 effe,
1473 351 1527 394 et
1554 349 1665 395 tam
1694 330 1978 415 privatuin

250 435 540 503 oportere,
591 426 629 480 fi
668 442 860 479 veram
897 426 1180 478 tractuum
1205 424 1435 480 illorum
1462 426 1521 479 in
1552 426 1858 502 semetipso
1881 449 1980 484 ra-

250 513 460 568 tionem
489 513 832 588 perceperit,
868 512 1364 582 hanesequentem
1386 510 1605 577 vivere,
1644 504 1815 584 quam
1838 514 1981 568 civi-

252 607 443 661 tatem,
482 600 625 654 vela
654 599 758 653 deo
782 596 969 668 aliquo
1007 596 1099 648 vel
1134 595 1203 648 ab
1241 596 1335 651 illo
1361 595 1456 667 qui
1478 595 1614 651 haeo
1642 598 1865 652 noverit
1886 618 1981 652 ra·-

251 683 463 738 tionem
504 684 794 758 adeptam,
836 699 1005 756 quam
1035 681 1213 753 legem
1241 682 1613 749 constituerit,
1651 701 1778 738 cum
1806 684 1984 738 semet

250 767 366 858 ipsa
398 779 454 824 et
475 789 604 824 cum
638 767 872 839 r'eliquis
896 767 1213 822 civitatibus
1239 786 1413 839 agere.
1454 769 1563 834 ita
1590 767 1758 842 igitur
1783 788 1854 843 pr
1856 767 2002 823 avi-⁸

252 863 333 907 tas
370 866 428 910 et
467 877 503 909 v
510 857 646 911 irtus
674 854 877 909 claiius
905 853 1063 907 nobis
1085 854 1364 908 distinctae
1387 862 1581 918 erunt·
1618 872 1729 924 quo
1755 853 1985 926 quidem

251 939 427 1011 magis
455 940 735 1013 patefacto
765 939 937 993 etiam
959 940 1140 993 cultus
1158 950 1452 1009 ceteraque
1479 937 1654 991 studia
1677 941 1787 992 fine
1813 938 1984 994 dubio

252 1036 416 1080 erant
442 1028 616 1098 magis
646 1024 967 1099 perspicua3
1006 1024 1142 1096 quin
1165 1024 1332 1077 etiam
1358 1023 1505 1090 quod
1523 1023 1594 1075 ad
1616 1024 1985 1093 compotatio-

253 1110 340 1163 nis
379 1112 689 1166 societatem
727 1109 952 1176 attinet,
1004 1127 1118 1163 non
1164 1105 1481 1161 videbimur
1507 1106 1576 1160 de
1599 1125 1661 1160 re
1693 1106 1790 1161 vili
1817 1108 1983 1181 nimis

255 1197 436 1251 multa
473 1207 528 1251 et
552 1199 956 1270 supervacanea
981 1189 1160 1247 fecisse
1184 1192 1375 1248 verba.

397 1307 478 1363 Cl.
533 1307 680 1365 Sane
717 1306 998 1361 videbitur
1042 1326 1130 1361 res
1175 1327 1290 1362 non
1329 1307 1558 1381 indigna
1597 1313 1700 1365 effe
1731 1309 1984 1383 longiore

252 1396 520 1454 oratione.

402 1511 533 1590 Alli.
578 1511 728 1564 Bene
767 1507 934 1575 dicia,
982 1517 1038 1562 et
1075 1507 1433 1582 perficiamus
1466 1509 1728 1582 quicquid
1756 1530 1820 1566 ea
1841 1528 1983 1583 quae
2064 1584 2066 1588 y

254 1594 404 1650 nunc
433 1596 671 1650 habetur
694 1594 1071 1667 disputatione
1097 1594 1327 1666 dignum
1355 1596 1541 1650 fuerit.
2064 1589 2065 1593 ¹

399 1714 486 1767 Cl.
525 1712 628 1766 Dic
656 1709 846 1781 igitur.

392 1826 531 1887 ΑιῘι.
558 1824 915 1885 'Adhibentes
936 1819 1206 1878 miraculo
1230 1822 1316 1877 illi
1335 1824 1665 1881 ebrietatem
1681 1829 1844 1899 quale
1856 1838 1985 1884 tan-

254 1912 380 1966 dem
403 1913 586 1984 ipsum
611 1910 909 1964 reddemus
922 1909 948 1960 ⁴?
1906 1950 1931 1986 ι

405 2025 492 2079 cl.
533 2025 823 2095 Quorsum
863 2041 999 2075 vero
1027 2022 1278 2096 spectans
1301 2022 1441 2076 istud
1465 2022 1810 2098 inter-rogas?

398 2137 530 2193 Ath.
568 2135 834 2191 Nondum
874 2136 1081 2208 aliquid
1107 2137 1502 2209 quodcumque
1524 2141 1595 2193 est
1618 2140 1871 2213 respicio,
1893 2141 1983 2195 sed

257 2226 322 2280 in
346 2223 676 2277 universum
721 2239 927 2291 quaero
950 2222 1085 2275 illud
1122 2222 1159 2273 fi
1189 2222 1309 2274 eius
1332 2225 1610 2296 particeps
1622 2225 1797 2280 fuerit
1823 2222 1985 2297 quale

256 2308 384 2365 fieri
419 2308 611 2382 possit-5,
658 2307 825 2359 etiam
865 2307 1067 2364 clarius
1096 2304 1151 2357 id
1176 2307 1327 2376 quod
1355 2308 1483 2360 volo
1509 2310 1753 2364 conabor
1781 2311 1986 2383 fignifi-

257 2413 404 2450 care.
478 2391 687 2447 etenim
707 2391 813 2445 hoc
836 2407 1074 2462 quaero:
1121 2390 1640 2448 vehementi01·esne
1666 2397 1983 2470 voluptates

258 2490 313 2535 et
342 2471 559 2534 dolores
586 2488 642 2532 et
661 2478 770 2531 iras
798 2487 853 2531 et
881 2495 1096 2531 amores
1122 2475 1239 2532 vini
1268 2477 1418 2549 potio
1441 2479 1726 2535 intendit?

407 2594 492 2650 CI.
528 2594 722 2664 Longe
749 2610 905 2647 vero.

400 2708 535 2764 Atlz.
581 2706 733 2780 Quid
763 2726 898 2761 vero
920 2707 1103 2763 sensus
1128 2715 1183 2761 et
1205 2705 1504 2763 memorias
1531 2720 1586 2765 et
1611 2710 1900 2783 opiniones
1932 2719 1986 2762 et

261 2793 687 2866 intelligentias?
726 2792 1191 2862 utrum-similiter
1215 2783 1688 2858 vehementiores,
1727 2817 1798 2853 an
1830 2815 1985 2868 pror-

190 2926 194 2928 .
264 2880 350 2933 sus
377 2879 509 2933 haec
532 2897 658 2933 eum
688 2878 1028 2950 relinquunt,
1068 2879 1163 2948 qui
1190 2878 1454 2935 ebrietate
1483 2884 1703 2938 satiatus
1736 2883 1847 2937 est?

406 3003 485 3058 CI.
528 3006 691 3068 Vero,
730 3009 955 3081 prorsus
992 3008 1324 3080 relinquunt.

410 3129 539 3184 Ath.
588 3132 784 3186 Nonne
821 3136 886 3187 ad
930 3139 1167 3189 eundem
1208 3138 1350 3191 redit
1372 3139 1542 3193 animi
1580 3142 1775 3195 flatum
1816 3154 1984 3208 quem

273 3227 385 3269 tum
420 3214 653 3270 habebat
682 3239 854 3289 quum
882 3242 1019 3294 puer
1056 3227 1214 3279 erat?

418 3329 501 3383 ct.
542 3329 794 3401 Quidni?
