<?xml version="1.0" encoding="UTF-8"?>
<!DOCTYPE html PUBLIC "-//W3C//DTD XHTML 1.0 Transitional//EN"
    "http://www.w3.org/TR/xhtml1/DTD/xhtml1-transitional.dtd">
<html xmlns="http://www.w3.org/1999/xhtml" xml:lang="en" lang="en">
 <head>
  <title>
</title>
<meta http-equiv="Content-Type" content="text/html;charset=utf-8" />
  <meta name='ocr-system' content='tesseract 3.04.00' />
  <meta name='ocr-capabilities' content='ocr_page ocr_carea ocr_par ocr_line ocrx_word'/>
</head>
<body>
  <div class='ocr_page' id='page_1' title='image "./quaeexstantopera06plat_0113.png"; bbox 0 0 2176 3672; ppageno 0'>
   <div class='ocr_carea' id='block_1_1' title="bbox 878 163 2005 229">
    <p class='ocr_par' dir='ltr' id='par_1_1' title="bbox 878 163 2005 229">
     <span class='ocr_line' id='line_1_1' title="bbox 878 163 2005 229; baseline -0.002 -2"><span class='ocrx_word' id='word_1_1' title='bbox 878 163 1406 228; x_wconf 83' lang='lat' dir='ltr'><strong>LEGESII.</strong></span> <span class='ocrx_word' id='word_1_2' title='bbox 1905 169 2005 229; x_wconf 78' lang='lat'><strong>205</strong></span> 
     </span>
    </p>
   </div>
   <div class='ocr_carea' id='block_1_2' title="bbox 262 309 2009 638">
    <p class='ocr_par' dir='ltr' id='par_1_2' title="bbox 262 309 2009 638">
     <span class='ocr_line' id='line_1_2' title="bbox 269 309 2009 374; baseline -0.003 0"><span class='ocrx_word' id='word_1_3' title='bbox 269 318 353 374; x_wconf 77' lang='lat' dir='ltr'><strong>bit</strong></span> <span class='ocrx_word' id='word_1_4' title='bbox 384 313 786 372; x_wconf 75' lang='lat' dir='ltr'><strong>consuetudine</strong></span> <span class='ocrx_word' id='word_1_5' title='bbox 821 322 879 368; x_wconf 85' lang='lat' dir='ltr'><strong>et</strong></span> <span class='ocrx_word' id='word_1_6' title='bbox 905 312 1169 369; x_wconf 80' lang='lat' dir='ltr'>laudibus</span> <span class='ocrx_word' id='word_1_7' title='bbox 1207 320 1264 368; x_wconf 86' lang='lat' dir='ltr'><strong>et</strong></span> <span class='ocrx_word' id='word_1_8' title='bbox 1305 309 1652 367; x_wconf 82' lang='lat' dir='ltr'>sermonibus</span> <span class='ocrx_word' id='word_1_9' title='bbox 1675 313 2009 371; x_wconf 80' lang='lat' dir='ltr'><strong>adumbrata</strong></span> 
     </span>
     <span class='ocr_line' id='line_1_3' title="bbox 266 396 2008 469; baseline -0.002 -11"><span class='ocrx_word' id='word_1_10' title='bbox 266 404 372 458; x_wconf 77' lang='lat' dir='ltr'><strong>ess&#39;e</strong></span> <span class='ocrx_word' id='word_1_11' title='bbox 403 403 533 457; x_wconf 82' lang='lat' dir='ltr'><strong>iusta</strong></span> <span class='ocrx_word' id='word_1_12' title='bbox 558 401 842 463; x_wconf 86' lang='lat' dir='ltr'><strong>etiniusta,</strong></span> <span class='ocrx_word' id='word_1_13' title='bbox 882 411 938 455; x_wconf 84' lang='lat' dir='ltr'><strong>et</strong></span> <span class='ocrx_word' id='word_1_14' title='bbox 962 397 1160 455; x_wconf 84' lang='lat' dir='ltr'><strong>iniusta</strong></span> <span class='ocrx_word' id='word_1_15' title='bbox 1189 396 1425 469; x_wconf 89' lang='lat' dir='ltr'><strong>quidem</strong></span> <span class='ocrx_word' id='word_1_16' title='bbox 1451 398 1733 452; x_wconf 84' lang='lat' dir='ltr'><strong>contraria</strong></span> <span class='ocrx_word' id='word_1_17' title='bbox 1756 398 1879 451; x_wconf 84' lang='lat' dir='ltr'><strong>iusti</strong></span> <span class='ocrx_word' id='word_1_18' title='bbox 1897 401 2008 454; x_wconf 84' lang='lat' dir='ltr'><strong>sese</strong></span> 
     </span>
     <span class='ocr_line' id='line_1_4' title="bbox 265 482 2008 559; baseline -0.005 -18"><span class='ocrx_word' id='word_1_19' title='bbox 265 487 566 556; x_wconf 81' lang='lat' dir='ltr'><strong>exhibere,</strong></span> <span class='ocrx_word' id='word_1_20' title='bbox 601 486 672 540; x_wconf 84' lang='lat' dir='ltr'><strong>ab</strong></span> <span class='ocrx_word' id='word_1_21' title='bbox 699 507 765 540; x_wconf 86' lang='lat' dir='ltr'><strong>eo</strong></span> <span class='ocrx_word' id='word_1_22' title='bbox 794 497 986 540; x_wconf 86' lang='lat' dir='ltr'><strong>autem</strong></span> <span class='ocrx_word' id='word_1_23' title='bbox 1018 486 1264 556; x_wconf 83' lang='lat' dir='ltr'><strong>spectata</strong></span> <span class='ocrx_word' id='word_1_24' title='bbox 1289 483 1383 554; x_wconf 90' lang='lat' dir='ltr'><strong>qui</strong></span> <span class='ocrx_word' id='word_1_25' title='bbox 1404 482 1520 555; x_wconf 87' lang='lat' dir='ltr'><strong>ipse</strong></span> <span class='ocrx_word' id='word_1_26' title='bbox 1545 484 1779 559; x_wconf 58' lang='lat' dir='ltr'><strong>iniustus</strong></span> <span class='ocrx_word' id='word_1_27' title='bbox 1810 494 1863 537; x_wconf 82' lang='lat' dir='ltr'><strong>et</strong></span> <span class='ocrx_word' id='word_1_28' title='bbox 1892 505 2008 539; x_wconf 87' lang='lat' dir='ltr'><strong>ma-</strong></span> 
     </span>
     <span class='ocr_line' id='line_1_5' title="bbox 262 562 2001 638; baseline -0.001 -12"><span class='ocrx_word' id='word_1_29' title='bbox 262 562 355 627; x_wconf 80' lang='lat' dir='ltr'><strong>lus</strong></span> <span class='ocrx_word' id='word_1_30' title='bbox 386 573 447 624; x_wconf 84' lang='lat' dir='ltr'><strong>fit</strong></span> <span class='ocrx_word' id='word_1_31' title='bbox 484 571 725 626; x_wconf 83' lang='lat' dir='ltr'><strong>iucunda</strong></span> <span class='ocrx_word' id='word_1_32' title='bbox 762 572 974 638; x_wconf 87' lang='lat' dir='ltr'><strong>videri,</strong></span> <span class='ocrx_word' id='word_1_33' title='bbox 1042 569 1179 623; x_wconf 85' lang='lat' dir='ltr'><strong>iusta</strong></span> <span class='ocrx_word' id='word_1_34' title='bbox 1210 588 1344 623; x_wconf 85' lang='lat' dir='ltr'><strong>vero</strong></span> <span class='ocrx_word' id='word_1_35' title='bbox 1368 569 1763 635; x_wconf 77' lang='lat' dir='ltr'><strong>insuavissima,</strong></span> <span class='ocrx_word' id='word_1_36' title='bbox 1799 588 1834 622; x_wconf 88' lang='lat' dir='ltr'><strong>a</strong></span> <span class='ocrx_word' id='word_1_37' title='bbox 1863 568 2001 624; x_wconf 87' lang='lat' dir='ltr'><strong>iusto</strong></span> 
     </span>
    </p>
   </div>
   <div class='ocr_carea' id='block_1_3' title="bbox 266 653 2008 799">
    <p class='ocr_par' dir='ltr' id='par_1_3' title="bbox 266 653 2008 799">
     <span class='ocr_line' id='line_1_6' title="bbox 266 653 2008 734; baseline 0 -24"><span class='ocrx_word' id='word_1_38' title='bbox 266 666 459 710; x_wconf 82' lang='lat' dir='ltr'><strong>autem</strong></span> <span class='ocrx_word' id='word_1_39' title='bbox 483 658 728 731; x_wconf 83' lang='lat' dir='ltr'><strong>spectata</strong></span> <span class='ocrx_word' id='word_1_40' title='bbox 739 657 968 734; x_wconf 83' lang='lat' dir='ltr'><strong>prorsus</strong></span> <span class='ocrx_word' id='word_1_41' title='bbox 993 655 1274 714; x_wconf 78' lang='lat' dir='ltr'><strong>contraria</strong></span> <span class='ocrx_word' id='word_1_42' title='bbox 1289 653 1522 710; x_wconf 86' lang='lat' dir='ltr'><strong>omniuo</strong></span> <span class='ocrx_word' id='word_1_43' title='bbox 1543 653 1880 728; x_wconf 71' lang='lat' dir='ltr'><strong>iu&#39;utrisque</strong></span> <span class='ocrx_word' id='word_1_44' title='bbox 1908 674 2008 710; x_wconf 80' lang='lat' dir='ltr'><strong>ex-</strong></span> 
     </span>
     <span class='ocr_line' id='line_1_7' title="bbox 266 743 463 799; baseline 0 -3"><span class='ocrx_word' id='word_1_45' title='bbox 266 743 463 799; x_wconf 64' lang='lat' dir='ltr'><strong>sistere.</strong></span> 
     </span>
    </p>
   </div>
   <div class='ocr_carea' id='block_1_4' title="bbox 418 842 804 903">
    <p class='ocr_par' dir='ltr' id='par_1_4' title="bbox 418 842 804 903">
     <span class='ocr_line' id='line_1_8' title="bbox 418 842 804 903; baseline 0.008 -6"><span class='ocrx_word' id='word_1_46' title='bbox 418 843 507 900; x_wconf 75' lang='lat'><strong>01.</strong></span> <span class='ocrx_word' id='word_1_47' title='bbox 545 842 804 903; x_wconf 82' lang='lat' dir='ltr'><strong>Videtur.</strong></span> 
     </span>
    </p>
   </div>
   <div class='ocr_carea' id='block_1_5' title="bbox 271 938 2009 1095">
    <p class='ocr_par' dir='ltr' id='par_1_5' title="bbox 271 938 2009 1095">
     <span class='ocr_line' id='line_1_9' title="bbox 415 938 2009 1013; baseline 0.001 -15"><span class='ocrx_word' id='word_1_48' title='bbox 415 941 549 998; x_wconf 78' lang='lat' dir='ltr'><strong>Ath.</strong></span> <span class='ocrx_word' id='word_1_49' title='bbox 600 944 909 1000; x_wconf 78' lang='lat' dir='ltr'><strong>Veritatem</strong></span> <span class='ocrx_word' id='word_1_50' title='bbox 939 952 1130 998; x_wconf 78' lang='lat' dir='ltr'><strong>autem</strong></span> <span class='ocrx_word' id='word_1_51' title='bbox 1148 938 1355 994; x_wconf 57' lang='lat' dir='ltr'><strong>&gt;iudicii</strong></span> <span class='ocrx_word' id='word_1_52' title='bbox 1378 943 1567 992; x_wconf 77' lang='lat' dir='ltr'><strong>utram</strong></span> <span class='ocrx_word' id='word_1_53' title='bbox 1593 939 1877 1013; x_wconf 86' lang='lat' dir='ltr'><strong>potiorem</strong></span> <span class='ocrx_word' id='word_1_54' title='bbox 1904 947 2009 999; x_wconf 82' lang='lat' dir='ltr'><strong>effe</strong></span> 
     </span>
     <span class='ocr_line' id='line_1_10' title="bbox 271 1022 1608 1095; baseline -0.003 -12"><span class='ocrx_word' id='word_1_55' title='bbox 271 1026 558 1083; x_wconf 76' lang='lat' dir='ltr'><strong>dicamus?</strong></span> <span class='ocrx_word' id='word_1_56' title='bbox 596 1022 957 1083; x_wconf 69' lang='lat' dir='ltr'><strong>deterioris&#39;ne</strong></span> <span class='ocrx_word' id='word_1_57' title='bbox 987 1025 1178 1095; x_wconf 85' lang='lat' dir='ltr'><strong>animi,</strong></span> <span class='ocrx_word' id='word_1_58' title='bbox 1220 1044 1294 1082; x_wconf 86' lang='lat' dir='ltr'><strong>an</strong></span> <span class='ocrx_word' id='word_1_59' title='bbox 1319 1024 1608 1079; x_wconf 80' lang='lat' dir='ltr'><strong>melioris?</strong></span> 
     </span>
    </p>
   </div>
   <div class='ocr_carea' id='block_1_6' title="bbox 426 1126 1138 1186">
    <p class='ocr_par' dir='ltr' id='par_1_6' title="bbox 426 1126 1138 1186">
     <span class='ocr_line' id='line_1_11' title="bbox 426 1126 1138 1186; baseline -0.004 -5"><span class='ocrx_word' id='word_1_60' title='bbox 426 1129 510 1186; x_wconf 83' lang='lat' dir='ltr'><strong>CI.</strong></span> <span class='ocrx_word' id='word_1_61' title='bbox 545 1128 852 1184; x_wconf 76' lang='lat' dir='ltr'><strong>Necessario</strong></span> <span class='ocrx_word' id='word_1_62' title='bbox 877 1126 1138 1181; x_wconf 85' lang='lat' dir='ltr'><strong>melioris.</strong></span> 
     </span>
    </p>
   </div>
   <div class='ocr_carea' id='block_1_7' title="bbox 270 1224 2011 1470">
    <p class='ocr_par' dir='ltr' id='par_1_7' title="bbox 270 1224 2011 1470">
     <span class='ocr_line' id='line_1_12' title="bbox 412 1224 2009 1300; baseline 0.001 -18"><span class='ocrx_word' id='word_1_63' title='bbox 412 1227 549 1282; x_wconf 71' lang='lat' dir='ltr'><em>Aclz.</em></span> <span class='ocrx_word' id='word_1_64' title='bbox 599 1227 854 1282; x_wconf 84' lang='lat' dir='ltr'><strong>Iniustam</strong></span> <span class='ocrx_word' id='word_1_65' title='bbox 892 1228 1065 1300; x_wconf 82' lang='lat' dir='ltr'><strong>igitur</strong></span> <span class='ocrx_word' id='word_1_66' title='bbox 1101 1224 1281 1280; x_wconf 84' lang='lat' dir='ltr'><strong>vitam</strong></span> <span class='ocrx_word' id='word_1_67' title='bbox 1318 1228 1531 1279; x_wconf 85' lang='lat' dir='ltr'><strong>neceffe</strong></span> <span class='ocrx_word' id='word_1_68' title='bbox 1572 1226 1647 1278; x_wconf 89' lang='lat' dir='ltr'><strong>est</strong></span> <span class='ocrx_word' id='word_1_69' title='bbox 1677 1245 1795 1279; x_wconf 88' lang='lat' dir='ltr'><strong>non</strong></span> <span class='ocrx_word' id='word_1_70' title='bbox 1827 1227 2009 1283; x_wconf 84' lang='lat' dir='ltr'><strong>solum</strong></span> 
     </span>
     <span class='ocr_line' id='line_1_13' title="bbox 271 1311 2011 1385; baseline 0 -19"><span class='ocrx_word' id='word_1_71' title='bbox 271 1312 586 1385; x_wconf 84' lang='lat' dir='ltr'>turpiorem</span> <span class='ocrx_word' id='word_1_72' title='bbox 614 1315 718 1365; x_wconf 80' lang='lat' dir='ltr'><strong>effe</strong></span> <span class='ocrx_word' id='word_1_73' title='bbox 734 1322 896 1385; x_wconf 79' lang='lat' dir='ltr'><strong>atque</strong></span> <span class='ocrx_word' id='word_1_74' title='bbox 920 1312 1270 1384; x_wconf 83' lang='lat' dir='ltr'>nequiorem,</span> <span class='ocrx_word' id='word_1_75' title='bbox 1299 1329 1503 1365; x_wconf 84' lang='lat' dir='ltr'><strong>verum</strong></span> <span class='ocrx_word' id='word_1_76' title='bbox 1533 1311 1704 1366; x_wconf 84' lang='lat' dir='ltr'><strong>etiam</strong></span> <span class='ocrx_word' id='word_1_77' title='bbox 1723 1311 2011 1369; x_wconf 83' lang='lat' dir='ltr'><strong>insuavio-</strong></span> 
     </span>
     <span class='ocr_line' id='line_1_14' title="bbox 270 1399 1198 1470; baseline 0.003 -18"><span class='ocrx_word' id='word_1_78' title='bbox 270 1417 393 1454; x_wconf 78' lang='lat' dir='ltr'><strong>rem</strong></span> <span class='ocrx_word' id='word_1_79' title='bbox 422 1417 559 1451; x_wconf 83' lang='lat' dir='ltr'><strong>vere</strong></span> <span class='ocrx_word' id='word_1_80' title='bbox 587 1399 724 1451; x_wconf 86' lang='lat' dir='ltr'><strong>iusta</strong></span> <span class='ocrx_word' id='word_1_81' title='bbox 751 1400 1044 1470; x_wconf 86' lang='lat' dir='ltr'><strong>sanctaque</strong></span> <span class='ocrx_word' id='word_1_82' title='bbox 1067 1399 1198 1457; x_wconf 87' lang='lat' dir='ltr'><strong>vita.</strong></span> 
     </span>
    </p>
   </div>
   <div class='ocr_carea' id='block_1_8' title="bbox 410 1497 1784 1567">
    <p class='ocr_par' dir='ltr' id='par_1_8' title="bbox 410 1497 1784 1567">
     <span class='ocr_line' id='line_1_15' title="bbox 410 1497 1784 1567; baseline 0 -12"><span class='ocrx_word' id='word_1_83' title='bbox 410 1499 493 1555; x_wconf 82' lang='lat' dir='ltr'><strong>Cl.</strong></span> <span class='ocrx_word' id='word_1_84' title='bbox 520 1498 763 1556; x_wconf 82' lang='lat' dir='ltr'><strong>-Videtur</strong></span> <span class='ocrx_word' id='word_1_85' title='bbox 794 1497 915 1552; x_wconf 86' lang='lat' dir='ltr'><strong>sere</strong></span> <span class='ocrx_word' id='word_1_86' title='bbox 947 1498 1028 1553; x_wconf 83' lang='lat' dir='ltr'><strong>ita</strong></span> <span class='ocrx_word' id='word_1_87' title='bbox 1056 1519 1125 1554; x_wconf 81' lang='lat' dir='ltr'><strong>ex</strong></span> <span class='ocrx_word' id='word_1_88' title='bbox 1152 1500 1258 1554; x_wconf 87' lang='lat' dir='ltr'><strong>hac</strong></span> <span class='ocrx_word' id='word_1_89' title='bbox 1286 1497 1555 1567; x_wconf 78' lang='lat' dir='ltr'><strong>oratione,</strong></span> <span class='ocrx_word' id='word_1_90' title='bbox 1591 1497 1784 1555; x_wconf 80' lang='lat' dir='ltr'><strong>amice.</strong></span> 
     </span>
    </p>
   </div>
   <div class='ocr_carea' id='block_1_9' title="bbox 271 1597 2014 2079">
    <p class='ocr_par' dir='ltr' id='par_1_9' title="bbox 271 1597 2014 2079">
     <span class='ocr_line' id='line_1_16' title="bbox 411 1597 2011 1670; baseline 0.001 -19"><span class='ocrx_word' id='word_1_91' title='bbox 411 1600 542 1655; x_wconf 67' lang='lat' dir='ltr'><strong>Atlz.</strong></span> <span class='ocrx_word' id='word_1_92' title='bbox 579 1598 740 1670; x_wconf 79' lang='lat' dir='ltr'><strong>Legis</strong></span> <span class='ocrx_word' id='word_1_93' title='bbox 769 1601 912 1654; x_wconf 81' lang='lat' dir='ltr'><strong>lator</strong></span> <span class='ocrx_word' id='word_1_94' title='bbox 934 1618 1070 1653; x_wconf 86' lang='lat' dir='ltr'><strong>vero</strong></span> <span class='ocrx_word' id='word_1_95' title='bbox 1100 1598 1527 1663; x_wconf 84' lang='lat' dir='ltr'><strong>velmediocris,</strong></span> <span class='ocrx_word' id='word_1_96' title='bbox 1555 1597 1762 1651; x_wconf 83' lang='lat' dir='ltr'><strong>etiarnfi</strong></span> <span class='ocrx_word' id='word_1_97' title='bbox 1775 1597 1882 1652; x_wconf 88' lang='lat' dir='ltr'><strong>hoc</strong></span> <span class='ocrx_word' id='word_1_98' title='bbox 1895 1617 2011 1653; x_wconf 90' lang='lat' dir='ltr'><strong>non</strong></span> 
     </span>
     <span class='ocr_line' id='line_1_17' title="bbox 271 1683 2010 1759; baseline -0.001 -20"><span class='ocrx_word' id='word_1_99' title='bbox 271 1685 343 1739; x_wconf 81' lang='lat' dir='ltr'><strong>fic</strong></span> <span class='ocrx_word' id='word_1_100' title='bbox 373 1685 428 1737; x_wconf 86' lang='lat' dir='ltr'><strong>se</strong></span> <span class='ocrx_word' id='word_1_101' title='bbox 449 1684 695 1749; x_wconf 84' lang='lat' dir='ltr'><strong>haberet,</strong></span> <span class='ocrx_word' id='word_1_102' title='bbox 734 1695 799 1738; x_wconf 88' lang='lat' dir='ltr'><strong>ut</strong></span> <span class='ocrx_word' id='word_1_103' title='bbox 826 1705 978 1739; x_wconf 89' lang='lat' dir='ltr'><strong>nunc</strong></span> <span class='ocrx_word' id='word_1_104' title='bbox 1008 1686 1157 1739; x_wconf 86' lang='lat' dir='ltr'><strong>ratio</strong></span> <span class='ocrx_word' id='word_1_105' title='bbox 1183 1683 1469 1759; x_wconf 81' lang='lat' dir='ltr'><strong>probavit,</strong></span> <span class='ocrx_word' id='word_1_106' title='bbox 1506 1686 1543 1738; x_wconf 83' lang='lat' dir='ltr'>fi</span> <span class='ocrx_word' id='word_1_107' title='bbox 1570 1683 1702 1755; x_wconf 89' lang='lat' dir='ltr'><strong>quid</strong></span> <span class='ocrx_word' id='word_1_108' title='bbox 1730 1686 2010 1739; x_wconf 85' lang='lat' dir='ltr'><strong>mendacii</strong></span> 
     </span>
     <span class='ocr_line' id='line_1_18' title="bbox 272 1769 2014 1838; baseline -0.003 -15"><span class='ocrx_word' id='word_1_109' title='bbox 272 1769 571 1823; x_wconf 87' lang='lat' dir='ltr'><strong>iuvenibus</strong></span> <span class='ocrx_word' id='word_1_110' title='bbox 599 1770 847 1825; x_wconf 72' lang='lat' dir='ltr'>utilitatis</span> <span class='ocrx_word' id='word_1_111' title='bbox 875 1773 1036 1824; x_wconf 86' lang='lat' dir='ltr'><strong>causa</strong></span> <span class='ocrx_word' id='word_1_112' title='bbox 1064 1770 1246 1824; x_wconf 78' lang='lat' dir='ltr'>dicere</span> <span class='ocrx_word' id='word_1_113' title='bbox 1269 1770 1572 1838; x_wconf 75' lang='lat' dir='ltr'><strong>sustineret,</strong></span> <span class='ocrx_word' id='word_1_114' title='bbox 1612 1770 1755 1822; x_wconf 85' lang='lat' dir='ltr'><strong>estne</strong></span> <span class='ocrx_word' id='word_1_115' title='bbox 1780 1769 2014 1823; x_wconf 80' lang='lat' dir='ltr'><strong>menda-</strong></span> 
     </span>
     <span class='ocr_line' id='line_1_19' title="bbox 273 1854 2008 1928; baseline 0 -20"><span class='ocrx_word' id='word_1_116' title='bbox 273 1854 423 1908; x_wconf 86' lang='lat' dir='ltr'><strong>cium</strong></span> <span class='ocrx_word' id='word_1_117' title='bbox 454 1855 602 1924; x_wconf 83' lang='lat' dir='ltr'><strong>quod</strong></span> <span class='ocrx_word' id='word_1_118' title='bbox 626 1874 896 1928; x_wconf 83' lang='lat' dir='ltr'><strong>umquam</strong></span> <span class='ocrx_word' id='word_1_119' title='bbox 939 1856 1144 1909; x_wconf 85' lang='lat' dir='ltr'><strong>diceret</strong></span> <span class='ocrx_word' id='word_1_120' title='bbox 1180 1855 1290 1908; x_wconf 88' lang='lat' dir='ltr'><strong>hoc</strong></span> <span class='ocrx_word' id='word_1_121' title='bbox 1321 1854 1595 1908; x_wconf 87' lang='lat' dir='ltr'>salubrius</span> <span class='ocrx_word' id='word_1_122' title='bbox 1626 1854 1914 1924; x_wconf 82' lang='lat' dir='ltr'>magisque</span> <span class='ocrx_word' id='word_1_123' title='bbox 1938 1855 2008 1908; x_wconf 91' lang='lat' dir='ltr'><strong>ad</strong></span> 
     </span>
     <span class='ocr_line' id='line_1_20' title="bbox 272 1938 2012 2011; baseline 0.002 -19"><span class='ocrx_word' id='word_1_124' title='bbox 272 1939 330 1993; x_wconf 88' lang='lat' dir='ltr'><strong>id</strong></span> <span class='ocrx_word' id='word_1_125' title='bbox 358 1941 584 2008; x_wconf 84' lang='lat' dir='ltr'><strong>valens,</strong></span> <span class='ocrx_word' id='word_1_126' title='bbox 618 1949 822 1996; x_wconf 88' lang='lat' dir='ltr'><strong>utnon</strong></span> <span class='ocrx_word' id='word_1_127' title='bbox 852 1941 1028 1996; x_wconf 86' lang='lat' dir='ltr'><strong>coacti</strong></span> <span class='ocrx_word' id='word_1_128' title='bbox 1044 1980 1062 2009; x_wconf 92' lang='lat'><strong><em>,</em></strong></span> <span class='ocrx_word' id='word_1_129' title='bbox 1101 1940 1196 1994; x_wconf 88' lang='lat' dir='ltr'><strong>sed</strong></span> <span class='ocrx_word' id='word_1_130' title='bbox 1227 1940 1472 1996; x_wconf 75' lang='lat' dir='ltr'><strong>volentes</strong></span> <span class='ocrx_word' id='word_1_131' title='bbox 1503 1938 1693 1993; x_wconf 85' lang='lat' dir='ltr'><strong>omnia</strong></span> <span class='ocrx_word' id='word_1_132' title='bbox 1716 1938 1853 1992; x_wconf 86' lang='lat' dir='ltr'><strong>iusta</strong></span> <span class='ocrx_word' id='word_1_133' title='bbox 1877 1957 2012 2011; x_wconf 87' lang='lat' dir='ltr'><strong>age·-</strong></span> 
     </span>
     <span class='ocr_line' id='line_1_21' title="bbox 272 2026 446 2079; baseline -0.006 0"><span class='ocrx_word' id='word_1_134' title='bbox 272 2026 446 2079; x_wconf 71' lang='lat' dir='ltr'><strong>rent?</strong></span> 
     </span>
    </p>
   </div>
   <div class='ocr_carea' id='block_1_10' title="bbox 274 2135 2014 2297">
    <p class='ocr_par' dir='ltr' id='par_1_10' title="bbox 274 2135 2014 2297">
     <span class='ocr_line' id='line_1_22' title="bbox 421 2135 2014 2212; baseline 0.001 -19"><span class='ocrx_word' id='word_1_135' title='bbox 421 2138 500 2193; x_wconf 82' lang='lat' dir='ltr'><strong>Cl.</strong></span> <span class='ocrx_word' id='word_1_136' title='bbox 551 2139 795 2194; x_wconf 80' lang='lat' dir='ltr'><strong>Pulchra</strong></span> <span class='ocrx_word' id='word_1_137' title='bbox 823 2138 1046 2211; x_wconf 86' lang='lat' dir='ltr'><strong>quidem</strong></span> <span class='ocrx_word' id='word_1_138' title='bbox 1071 2139 1296 2204; x_wconf 82' lang='lat' dir='ltr'><strong>veritas,</strong></span> <span class='ocrx_word' id='word_1_139' title='bbox 1328 2139 1543 2212; x_wconf 70' lang='lat' dir='ltr'><strong>hospeS,</strong></span> <span class='ocrx_word' id='word_1_140' title='bbox 1580 2147 1637 2193; x_wconf 84' lang='lat' dir='ltr'><strong>et</strong></span> <span class='ocrx_word' id='word_1_141' title='bbox 1662 2135 1884 2209; x_wconf 81' lang='lat' dir='ltr'><strong>flabilis,</strong></span> <span class='ocrx_word' id='word_1_142' title='bbox 1917 2140 2014 2195; x_wconf 84' lang='lat' dir='ltr'><strong>vi-</strong></span> 
     </span>
     <span class='ocr_line' id='line_1_23' title="bbox 274 2222 1465 2297; baseline -0.001 -21"><span class='ocrx_word' id='word_1_143' title='bbox 274 2222 438 2277; x_wconf 81' lang='lat' dir='ltr'><strong>detur</strong></span> <span class='ocrx_word' id='word_1_144' title='bbox 464 2232 649 2277; x_wconf 77' lang='lat' dir='ltr'><strong>tamen</strong></span> <span class='ocrx_word' id='word_1_145' title='bbox 677 2224 828 2278; x_wconf 88' lang='lat' dir='ltr'><strong>haud</strong></span> <span class='ocrx_word' id='word_1_146' title='bbox 859 2225 1032 2280; x_wconf 84' lang='lat' dir='ltr'><strong>facilis</strong></span> <span class='ocrx_word' id='word_1_147' title='bbox 1057 2230 1160 2279; x_wconf 83' lang='lat' dir='ltr'><strong>esse</strong></span> <span class='ocrx_word' id='word_1_148' title='bbox 1185 2226 1465 2297; x_wconf 85' lang='lat' dir='ltr'><strong>persuasu.</strong></span> 
     </span>
    </p>
   </div>
   <div class='ocr_carea' id='block_1_11' title="bbox 271 2335 2011 2496">
    <p class='ocr_par' dir='ltr' id='par_1_11' title="bbox 271 2335 2011 2496">
     <span class='ocr_line' id='line_1_24' title="bbox 415 2335 2011 2409; baseline 0 -16"><span class='ocrx_word' id='word_1_149' title='bbox 415 2336 554 2394; x_wconf 79' lang='lat' dir='ltr'><strong>Ath.</strong></span> <span class='ocrx_word' id='word_1_150' title='bbox 590 2339 744 2394; x_wconf 88' lang='lat' dir='ltr'><strong>Itane</strong></span> <span class='ocrx_word' id='word_1_151' title='bbox 765 2339 791 2391; x_wconf 79' lang='lat'><strong>¹?</strong></span> <span class='ocrx_word' id='word_1_152' title='bbox 828 2338 1046 2394; x_wconf 87' lang='lat' dir='ltr'><strong>Sidonii</strong></span> <span class='ocrx_word' id='word_1_153' title='bbox 1069 2337 1263 2392; x_wconf 85' lang='lat' dir='ltr'><strong>fabula</strong></span> <span class='ocrx_word' id='word_1_154' title='bbox 1286 2335 1465 2391; x_wconf 87' lang='lat' dir='ltr'><strong>facilis</strong></span> <span class='ocrx_word' id='word_1_155' title='bbox 1489 2344 1611 2390; x_wconf 84' lang='lat' dir='ltr'><strong>erat</strong></span> <span class='ocrx_word' id='word_1_156' title='bbox 1634 2337 1920 2409; x_wconf 87' lang='lat' dir='ltr'><strong>persuasu,</strong></span> <span class='ocrx_word' id='word_1_157' title='bbox 1947 2338 2011 2393; x_wconf 91' lang='lat' dir='ltr'><strong>li-</strong></span> 
     </span>
     <span class='ocr_line' id='line_1_25' title="bbox 271 2422 1921 2496; baseline 0 -19"><span class='ocrx_word' id='word_1_158' title='bbox 271 2432 362 2478; x_wconf 84' lang='lat' dir='ltr'><strong>cet</strong></span> <span class='ocrx_word' id='word_1_159' title='bbox 388 2433 500 2478; x_wconf 84' lang='lat' dir='ltr'><strong>tam</strong></span> <span class='ocrx_word' id='word_1_160' title='bbox 523 2422 862 2479; x_wconf 88' lang='lat' dir='ltr'><strong>incredibilis</strong></span> <span class='ocrx_word' id='word_1_161' title='bbox 898 2424 1086 2488; x_wconf 84' lang='lat' dir='ltr'><strong>suerit,</strong></span> <span class='ocrx_word' id='word_1_162' title='bbox 1122 2422 1338 2496; x_wconf 83' lang='lat' dir='ltr'><strong>aliaque</strong></span> <span class='ocrx_word' id='word_1_163' title='bbox 1358 2422 1837 2477; x_wconf 79' lang='lat' dir='ltr'><strong>innumerabilia?</strong></span> <span class='ocrx_word' id='word_1_164' title='bbox 1914 2488 1921 2493; x_wconf 19' lang='grc' dir='ltr'>ι</span> 
     </span>
    </p>
   </div>
   <div class='ocr_carea' id='block_1_12' title="bbox 424 2523 888 2598">
    <p class='ocr_par' dir='ltr' id='par_1_12' title="bbox 424 2523 888 2598">
     <span class='ocr_line' id='line_1_26' title="bbox 424 2523 888 2598; baseline 0.006 -19"><span class='ocrx_word' id='word_1_165' title='bbox 424 2523 514 2579; x_wconf 79' lang='grc' dir='ltr'><strong>ΟΖ.</strong></span> <span class='ocrx_word' id='word_1_166' title='bbox 550 2524 846 2598; x_wconf 84' lang='lat' dir='ltr'><strong>Quaenam</strong></span> <span class='ocrx_word' id='word_1_167' title='bbox 864 2526 888 2582; x_wconf 60' lang='grc' dir='ltr'>ἓ</span> 
     </span>
    </p>
   </div>
   <div class='ocr_carea' id='block_1_13' title="bbox 277 2621 2014 3298">
    <p class='ocr_par' dir='ltr' id='par_1_13' title="bbox 277 2621 2014 3298">
     <span class='ocr_line' id='line_1_27' title="bbox 414 2621 2012 2697; baseline 0 -17"><span class='ocrx_word' id='word_1_168' title='bbox 414 2622 554 2684; x_wconf 82' lang='lat' dir='ltr'><strong>Ath.</strong></span> <span class='ocrx_word' id='word_1_169' title='bbox 588 2625 638 2679; x_wconf 91' lang='lat' dir='ltr'><strong>E</strong></span> <span class='ocrx_word' id='word_1_170' title='bbox 665 2622 923 2678; x_wconf 84' lang='lat' dir='ltr'><strong>dentibus</strong></span> <span class='ocrx_word' id='word_1_171' title='bbox 951 2622 1104 2678; x_wconf 84' lang='lat' dir='ltr'><strong>olim..</strong></span> <span class='ocrx_word' id='word_1_172' title='bbox 1120 2621 1284 2677; x_wconf 89' lang='lat' dir='ltr'><strong>humi</strong></span> <span class='ocrx_word' id='word_1_173' title='bbox 1319 2622 1509 2697; x_wconf 68' lang='lat' dir='ltr'><strong>spat-fis</strong></span> <span class='ocrx_word' id='word_1_174' title='bbox 1537 2630 1689 2677; x_wconf 83' lang='lat' dir='ltr'><strong>ortos</strong></span> <span class='ocrx_word' id='word_1_175' title='bbox 1729 2626 1834 2679; x_wconf 83' lang='lat' dir='ltr'><strong>esse</strong></span> <span class='ocrx_word' id='word_1_176' title='bbox 1862 2624 2012 2680; x_wconf 83' lang='lat' dir='ltr'><strong>viros</strong></span> 
     </span>
     <span class='ocr_line' id='line_1_28' title="bbox 277 2707 2012 2781; baseline 0.001 -18"><span class='ocrx_word' id='word_1_177' title='bbox 277 2717 542 2771; x_wconf 75' lang='lat' dir='ltr'><strong>armatos.</strong></span> <span class='ocrx_word' id='word_1_178' title='bbox 615 2727 956 2781; x_wconf 84' lang='lat' dir='ltr'><strong>quamquam</strong></span> <span class='ocrx_word' id='word_1_179' title='bbox 1001 2727 1206 2780; x_wconf 88' lang='lat' dir='ltr'><strong>magno</strong></span> <span class='ocrx_word' id='word_1_180' title='bbox 1229 2709 1337 2763; x_wconf 90' lang='lat' dir='ltr'><strong>hoc</strong></span> <span class='ocrx_word' id='word_1_181' title='bbox 1362 2710 1433 2762; x_wconf 87' lang='lat' dir='ltr'><strong>est</strong></span> <span class='ocrx_word' id='word_1_182' title='bbox 1459 2707 1590 2780; x_wconf 82' lang='lat' dir='ltr'><strong>legis</strong></span> <span class='ocrx_word' id='word_1_183' title='bbox 1613 2707 1781 2764; x_wconf 79' lang='lat' dir='ltr'><strong>latori</strong></span> <span class='ocrx_word' id='word_1_184' title='bbox 1811 2728 2012 2764; x_wconf 86' lang='lat' dir='ltr'><strong>exem-</strong></span> 
     </span>
     <span class='ocr_line' id='line_1_29' title="bbox 277 2787 2013 2869; baseline 0.002 -23"><span class='ocrx_word' id='word_1_185' title='bbox 277 2793 375 2865; x_wconf 88' lang='lat' dir='ltr'><strong>plo</strong></span> <span class='ocrx_word' id='word_1_186' title='bbox 403 2798 551 2865; x_wconf 80' lang='lat' dir='ltr'><strong>poffe</strong></span> <span class='ocrx_word' id='word_1_187' title='bbox 575 2796 895 2867; x_wconf 83' lang='lat' dir='ltr'><strong>quempiam</strong></span> <span class='ocrx_word' id='word_1_188' title='bbox 917 2796 1193 2850; x_wconf 85' lang='lat' dir='ltr'><strong>iuvenum</strong></span> <span class='ocrx_word' id='word_1_189' title='bbox 1221 2787 1421 2850; x_wconf 85' lang='lat' dir='ltr'><strong>animis</strong></span> <span class='ocrx_word' id='word_1_190' title='bbox 1445 2793 1705 2866; x_wconf 84' lang='lat' dir='ltr'><strong>quicquid</strong></span> <span class='ocrx_word' id='word_1_191' title='bbox 1734 2794 1868 2848; x_wconf 81' lang='lat' dir='ltr'><strong>velit</strong></span> <span class='ocrx_word' id='word_1_192' title='bbox 1889 2815 2013 2869; x_wconf 87' lang='lat' dir='ltr'><strong>per-</strong></span> 
     </span>
     <span class='ocr_line' id='line_1_30' title="bbox 279 2877 2014 2951; baseline 0.001 -21"><span class='ocrx_word' id='word_1_193' title='bbox 279 2877 527 2932; x_wconf 85' lang='lat' dir='ltr'><strong>suadere.</strong></span> <span class='ocrx_word' id='word_1_194' title='bbox 601 2881 861 2950; x_wconf 85' lang='lat' dir='ltr'><strong>quocirca</strong></span> <span class='ocrx_word' id='word_1_195' title='bbox 897 2881 1038 2936; x_wconf 85' lang='lat' dir='ltr'>nihil</span> <span class='ocrx_word' id='word_1_196' title='bbox 1072 2881 1223 2934; x_wconf 85' lang='lat' dir='ltr'><strong>aliud</strong></span> <span class='ocrx_word' id='word_1_197' title='bbox 1264 2899 1392 2934; x_wconf 84' lang='lat' dir='ltr'><strong>eum</strong></span> <span class='ocrx_word' id='word_1_198' title='bbox 1430 2880 1683 2951; x_wconf 83' lang='lat' dir='ltr'><strong>spectare</strong></span> <span class='ocrx_word' id='word_1_199' title='bbox 1707 2888 1763 2931; x_wconf 85' lang='lat' dir='ltr'><strong>et</strong></span> <span class='ocrx_word' id='word_1_200' title='bbox 1793 2879 2014 2950; x_wconf 82' lang='lat' dir='ltr'><strong>excogi-</strong></span> 
     </span>
     <span class='ocr_line' id='line_1_31' title="bbox 281 2961 2013 3037; baseline -0.001 -23"><span class='ocrx_word' id='word_1_201' title='bbox 281 2969 406 3014; x_wconf 75' lang='lat' dir='ltr'><strong>tare</strong></span> <span class='ocrx_word' id='word_1_202' title='bbox 441 2972 660 3035; x_wconf 76' lang='lat' dir='ltr'><strong>oportet</strong></span> <span class='ocrx_word' id='word_1_203' title='bbox 692 2965 791 3037; x_wconf 73' lang='lat' dir='ltr'>nisi</span> <span class='ocrx_word' id='word_1_204' title='bbox 827 2965 969 3031; x_wconf 88' lang='lat' dir='ltr'><strong>hoc,</strong></span> <span class='ocrx_word' id='word_1_205' title='bbox 1009 2964 1139 3036; x_wconf 83' lang='lat' dir='ltr'><strong>quid</strong></span> <span class='ocrx_word' id='word_1_206' title='bbox 1170 2964 1556 3036; x_wconf 83' lang='lat' dir='ltr'><strong>persuadendo</strong></span> <span class='ocrx_word' id='word_1_207' title='bbox 1577 2961 1891 3017; x_wconf 75' lang='lat' dir='ltr'><strong>maximum</strong></span> <span class='ocrx_word' id='word_1_208' title='bbox 1914 2964 2013 3019; x_wconf 86' lang='lat' dir='ltr'><strong>bo..</strong></span> 
     </span>
     <span class='ocr_line' id='line_1_32' title="bbox 283 3045 2014 3122; baseline 0.001 -21"><span class='ocrx_word' id='word_1_209' title='bbox 283 3064 427 3101; x_wconf 85' lang='lat' dir='ltr'><strong>num</strong></span> <span class='ocrx_word' id='word_1_210' title='bbox 465 3047 675 3101; x_wconf 79' lang='lat' dir='ltr'><strong>civitati</strong></span> <span class='ocrx_word' id='word_1_211' title='bbox 703 3049 926 3119; x_wconf 82' lang='lat' dir='ltr'><strong>afferat,</strong></span> <span class='ocrx_word' id='word_1_212' title='bbox 964 3051 1232 3122; x_wconf 78' lang='lat' dir='ltr'><strong>omnique</strong></span> <span class='ocrx_word' id='word_1_213' title='bbox 1257 3050 1433 3105; x_wconf 87' lang='lat' dir='ltr'><strong>studio</strong></span> <span class='ocrx_word' id='word_1_214' title='bbox 1456 3049 1731 3103; x_wconf 85' lang='lat' dir='ltr'><strong>rationem</strong></span> <span class='ocrx_word' id='word_1_215' title='bbox 1754 3045 2014 3103; x_wconf 84' lang='lat' dir='ltr'><strong>invenire</strong></span> 
     </span>
     <span class='ocr_line' id='line_1_33' title="bbox 287 3130 2012 3206; baseline 0.003 -24"><span class='ocrx_word' id='word_1_216' title='bbox 287 3150 398 3201; x_wconf 84' lang='lat' dir='ltr'><strong>qua</strong></span> <span class='ocrx_word' id='word_1_217' title='bbox 434 3131 697 3184; x_wconf 76' lang='lat' dir='ltr'><strong>universa</strong></span> <span class='ocrx_word' id='word_1_218' title='bbox 721 3133 857 3188; x_wconf 85' lang='lat' dir='ltr'><strong>haec</strong></span> <span class='ocrx_word' id='word_1_219' title='bbox 890 3136 1117 3191; x_wconf 85' lang='lat' dir='ltr'><strong>societas</strong></span> <span class='ocrx_word' id='word_1_220' title='bbox 1144 3137 1214 3190; x_wconf 86' lang='lat' dir='ltr'><strong>do</strong></span> <span class='ocrx_word' id='word_1_221' title='bbox 1240 3135 1350 3190; x_wconf 84' lang='lat' dir='ltr'>illis</span> <span class='ocrx_word' id='word_1_222' title='bbox 1373 3152 1555 3188; x_wconf 89' lang='lat' dir='ltr'><strong>unum</strong></span> <span class='ocrx_word' id='word_1_223' title='bbox 1584 3142 1639 3186; x_wconf 88' lang='lat' dir='ltr'><strong>et</strong></span> <span class='ocrx_word' id='word_1_224' title='bbox 1660 3130 1811 3185; x_wconf 87' lang='lat' dir='ltr'><strong>idem</strong></span> <span class='ocrx_word' id='word_1_225' title='bbox 1841 3153 2012 3206; x_wconf 89' lang='lat' dir='ltr'><strong>quam</strong></span> 
     </span>
     <span class='ocr_line' id='line_1_34' title="bbox 287 3215 2014 3298; baseline 0 -26"><span class='ocrx_word' id='word_1_226' title='bbox 287 3215 530 3272; x_wconf 82' lang='lat' dir='ltr'><strong>maxime</strong></span> <span class='ocrx_word' id='word_1_227' title='bbox 568 3217 861 3289; x_wconf 81' lang='lat' dir='ltr'><strong>eloquatur</strong></span> <span class='ocrx_word' id='word_1_228' title='bbox 892 3222 1108 3297; x_wconf 82' lang='lat' dir='ltr'><strong>semper</strong></span> <span class='ocrx_word' id='word_1_229' title='bbox 1133 3242 1240 3298; x_wconf 84' lang='lat' dir='ltr'><strong>per</strong></span> <span class='ocrx_word' id='word_1_230' title='bbox 1274 3239 1503 3277; x_wconf 88' lang='lat' dir='ltr'><strong>omnem</strong></span> <span class='ocrx_word' id='word_1_231' title='bbox 1545 3219 1725 3275; x_wconf 80' lang='lat' dir='ltr'><strong>vitam</strong></span> <span class='ocrx_word' id='word_1_232' title='bbox 1747 3217 1806 3272; x_wconf 88' lang='lat' dir='ltr'><strong>in</strong></span> <span class='ocrx_word' id='word_1_233' title='bbox 1830 3217 2014 3272; x_wconf 84' lang='lat' dir='ltr'><strong>canti-</strong></span> 
     </span>
    </p>
   </div>
  </div>
 </body>
</html>
