2158 3652
844 144 1390 205 LEGESI..
1895 158 1958 212 15

231 294 345 368 ipsa
364 290 693 345 inferiorem
712 287 922 347 dictum
940 288 1033 356 iri,
1050 287 1395 365 superiorem
1425 307 1556 342 vero
1582 291 1687 345 illis
1716 295 1961 364 divictis3

231 399 342 438 non
367 377 518 434 enim
551 374 621 431 de
652 372 1059 437 vocabulo-rum
1083 373 1285 443 decoro
1310 383 1366 427 et
1393 374 1660 431 indecoro
1687 379 1787 434 usu
1812 401 1962 439 nuno
2026 419 2030 433 .

230 462 551 536 quaerimus
591 459 966 537 multitudinis
992 461 1305 515 sermonem
1342 461 1711 534 respicientes,
1747 465 1962 522 sedhoc

228 550 588 626 exploramus
618 564 898 619 quaenam
928 547 989 599 fit
1005 546 1190 619 legum
1214 556 1365 601 recta
1381 556 1436 602 et
1450 546 1585 604 salsa
1610 547 1755 603 ratio
1771 569 1872 624 per
1891 553 1965 625 ser

381 681 465 738 Cl.
504 676 808 744 Vei-imme,
847 695 880 729 o
908 674 1123 747 hospes,
1149 674 1300 728 dicis.

367 808 480 863 Me.
522 806 817 861 Praeclare
850 823 1023 868 ,νει-ο,
1063 814 1124 859 ut
1152 804 1293 859 mihi
1319 823 1544 876 quoque
1575 779 1831 864 nunc'ita
1855 806 1966 863 hoc

229 894 498 951 videatur.

292 1042 295 1043 ⁷
365 1022 502 1082 Ath.
554 1020 975 1074 confideremus
1011 1017 1183 1088 igitur
1219 1016 1324 1069 hoc
1361 1013 1613 1089 quoque:
1673 1020 1758 1076 his
1799 1024 1964 1078 modo

230 1110 389 1165 dictis
418 1108 685 1163 fratribus
715 1106 814 1159 erit
840 1107 967 1158 sane
995 1102 1160 1157 iudex
1186 1102 1404 1173 aliquis·

368 1234 448 1290 Cl.
488 1232 634 1290 Sane
661 1232 910 1304 quidem.

363 1361 503 1418 Ath.
555 1360 695 1415 Uter
739 1361 915 1432 igitur
954 1358 1195 1413 melior?
1244 1359 1291 1412 is
1341 1358 1435 1430 qui
1493 1358 1783 1434 improbos
1827 1380 1974 1439 per->

225 1452 340 1513 det,
406 1448 670 1503 meliores
711 1465 848 1500 vero
883 1444 1092 1501 fibimet
1127 1444 1248 1517 ipfis
1279 1445 1564 1519 imperare
1606 1447 1851 1511 iubebit,
1891 1469 1966 1505 an

190 1530 303 1604 ‘is,
363 1533 457 1607 qui
497 1532 705 1607 probos
740 1532 1083 1604 imperantes
1117 1540 1173 1584 et
1223 1527 1529 1583 deteriores
1570 1531 1683 1586 vita
1721 1535 1975 1590 conceffa‘

222 1621 421 1693 sponte
448 1616 768 1672 obedientes
796 1615 1036 1671 efficiet?
1072 1615 1306 1669 tertium
1330 1634 1466 1669 vero
1491 1615 1736 1674 iudicem
1757 1621 1825 1675 ad
1853 1620 1968 1675 vir·

224 1714 398 1760 tutem
423 1703 800 1781 proferamuS‚
839 1704 876 1757 fi
903 1702 1026 1776 quis
1055 1700 1230 1755 fuerit
1255 1701 1528 1757 eiusmodi
1553 1704 1648 1775 qui
1677 1706 1967 1778 cognatio-

225 1809 356 1846 nem
385 1810 559 1846 unam
587 1790 860 1863 accipiens
892 1786 1241 1844 dissidentem
1270 1807 1341 1842 ne
1366 1788 1547 1843 ullum
1575 1792 1801 1862 quidem
1829 1812 1966 1865 per-

226 1874 348 1945 (lat,
410 1876 503 1931 sed
537 1875 911 1931 reconcilians
951 1892 1042 1928 eos
1086 1874 1143 1927 in
1183 1875 1454 1944 posterum
1492 1884 1714 1949 tempus
1748 1877 1968 1949 legibus

226 1959 524 2014 scribendis
552 1959 873 2033 prospicere
894 1961 1072 2031 possit,
1110 1970 1175 2013 ut
1203 1958 1368 2012 amici
1392 1958 1536 2013 inter
1559 1961 1616 2012 se
1642 1963 1760 2015 fint.

366 2087 448 2142 Cl.
494 2086 687 2158 Longe
719 2087 919 2140 melior
972 2085 1081 2138 erit
1127 2064 1458 2140 huiusmodi*
1503 2087 1674 2142 iudex
1726 2099 1782 2143 et
1829 2068 1964 2163 legis

221 2174 382 2229 lator.
1692 2195 1694 2198 ·

261 2360 266 2370 ι
364 2298 499 2358 Ath.
541 2298 910 2354 Contrarium
952 2306 1142 2351 autem
1186 2315 1249 2350 ac
1291 2295 1497 2350 bellum
1538 2300 1790 2371 spectans
1817 2304 1961 2377 leges

226 2383 300 2442 eis
326 2385 635 2441 constituet.
710 2399 712 2401 ’

377 2514 461 2568 Cl.
502 2514 623 2568 Hoc
652 2513 877 2583 quidem
910 2530 1125 2567 verum.

368 2627 505 2686 Ath.
546 2627 700 2701 Quid
727 2647 862 2683 vero
887 2628 931 2682 is
952 2628 1047 2699 qui
1071 2628 1355 2682 civitatem
1384 2629 1646 2684 conciliat
1665 2628 1961 2684 ⁰?'bellu1n-

227 2734 301 2769 ne
333 2715 449 2770 eius
484 2724 784 2769 externum
825 2716 1071 2790 spectans
1108 2714 1285 2770 vitam
1319 2727 1618 2790 componet
1644 2716 1847 2789 potius,
1885 2734 1960 2767 an

226 2800 437 2857 bellum
463 2801 725 2875 quodque
754 2802 814 2856 in
838 2819 902 2855 ea
927 2801 1202 2867 exorienS,
1231 2820 1372 2874 quae
1393 2801 1585 2855 seditio
1603 2800 1959 2874 appellatur?

230 2886 379 2955 quod
412 2886 657 2942 maxime
697 2888 924 2960 quidem
961 2887 1192 2959 quilibet
1225 2888 1507 2961 cupiverit
1535 2886 1764 2942 omnino
1787 2905 1966 2939 num·—

231 2986 397 3038 quam
422 2972 482 3028 in
514 2971 736 3028 civitate
757 2974 855 3029 sua
887 2983 1174 3041 exortum,
1215 2976 1290 3028 fin
1317 2983 1506 3029 autem
1538 2983 1803 3028 exortum
1827 2969 1959 3026 fue·-

231 3052 322 3119 rit,
359 3070 526 3124 quam
550 3059 839 3115 celerrime
863 3059 1208 3116 exstinctum.

375 3166 455 3222 Gt.
495 3169 653 3227 Patet
678 3193 808 3230 eum
836 3177 944 3232 hoc
966 3178 1228 3250 spectare.

371 3282 502 3339 Ath.
544 3284 749 3341 Utrum
782 3309 915 3345 vero
959 3311 1070 3347 una
1117 3299 1280 3365 parte
1322 3290 1566 3366 perdita,
1607 3289 1782 3346 altera
1825 3301 1952 3340 vero
