2176 3672
769 171 1292 238 LEGESIL
1796 192 1893 250 ιη

165 320 507 399 praeberent
545 315 596 372 ei
620 314 732 391 qui
764 314 987 371 erudire
1024 334 1118 372 eos
1164 334 1228 372 uo
1263 315 1474 389 fingere
1501 321 1675 391 poffet
1705 330 1760 375 et
1788 321 1896 375 sci-

162 403 762 478 ren-quemadmodum
789 420 968 474 quum
994 402 1194 457 novelli
1216 401 1480 457 fuiss'ent?
1513 401 1765 459 fictorem
1789 426 1895 459 au-

162 502 275 548 tem
306 491 459 545 hunc
491 489 597 542 ess'e
627 487 864 541 eundem
908 487 1005 560 qui
1030 499 1148 543 tum
1168 528 1184 555 ,
1223 488 1431 546 bonum
1459 488 1594 559 legis
1633 490 1892 557 latorem,

161 575 323 644 cuius.
346 576 487 646 leges
518 578 620 628 esse
653 573 857 627 debere
889 574 1236 639 convivalezi,
1284 574 1342 627 id
1365 571 1663 628 efficientes
1688 585 1752 629 ut
1776 576 1889 643 ille,

161 659 265 733 qui‘
285 660 354 715 ad
381 679 635 732 magnam
660 661 813 733 spem
841 669 1075 727 erectus),
1113 658 1396 714 confidens
1421 660 1668 730 iustoque
1694 661 1892 734 impu-

161 747 383 802 dentior
395 747 656 800 evaderet
673 764 774 799 nec
794 745 1048 799 ordinem
1073 745 1331 816 vicesque
1356 743 1562 810 silendi,
1599 739 1887 816 sei-monia,

158 820 460 914 potationis
488 843 542 885 et
571 833 760 885 musae
788 833 1013 884 servare
1039 831 1228 900 vellet,
1266 831 1419 884 ultro
1458 830 1647 883 omnia
1680 830 1892 885 horum

160 918 443 972 contraria
484 917 720 982 faceret,
759 926 815 969 et
849 916 1220 982 confidentiae
1254 915 1572 968 inhonestae
1608 914 1893 970 in‘cess'enti

159 1003 593 1065 honestissimum
622 1003 1007 1056 adversarium
1031 1009 1270 1064 metum,
1309 1008 1373 1052 ut
1400 1017 1503 1071 par
1529 1000 1631 1066 est,
1669 999 1891 1054 immit-

161 1098 358 1156 tentes,
396 1108 562 1160 quem
589 1087 808 1159 quidem
841 1086 1096 1141 divinum
1120 1090 1336 1140 metum
1360 1085 1636 1161 pudorem
1662 1096 1718 1140 et
1731 1105 1895 1142 vere-·

160 1175 422 1229 cundiam
443 1173 898 1228 nominavimus?

302 1301 383 1356 Cl.
423 1300 568 1362 Sunt
594 1299 707 1355 ista.

297 1428 436 1485 Ath.
474 1428 685 1482 Harum
711 1436 898 1481 autem
926 1427 1111 1499 legum
1145 1426 1248 1479 ess‘e
1276 1426 1518 1480 custodes
1551 1426 1888 1500 lationisque

156 1511 330 1566 socios
364 1513 576 1584 quietos
605 1515 726 1567 illos
751 1524 807 1567 et
834 1512 1041 1566 sobrios
1070 1531 1184 1566 nou
1207 1512 1525 1567 sobriorum
1551 1514 1737 1582 duce8‚
1773 1516 1888 1569 fine

158 1599 362 1671 quibus
391 1600 655 1653 adversus
681 1599 1006 1652 ebrietatem
1034 1615 1289 1672 pugnare
1310 1598 1535 1670 gravius
1572 1603 1677 1653 esse
1713 1589 1887 1671 quam
1966 1630 1974 1635 ι

158 1685 420 1739 adversus
446 1685 618 1739 hostes
642 1706 773 1739 cum
800 1686 1048 1751 ducibuS,
1085 1704 1117 1737 a
1143 1686 1383 1738 tumultu
1413 1684 1561 1737 haud
1590 1683 1802 1751 alienis,
1834 1695 1892 1738 et

159 1790 292 1824 eum
334 1771 428 1842 qui
468 1790 582 1824 non
621 1776 796 1843 poffet
826 1771 1051 1824 obedire
1079 1770 1162 1822 his
1187 1768 1528 1838 ducibusque
1554 1771 1757 1825 Bacchi
1780 1790 1892 1824 an·-

159 1872 301 1909 num
338 1854 451 1909 iam
481 1857 876 1925 sexagesimum
919 1853 1273 1925 transgressiS,
1310 1855 1596 1922 aequalem
1623 1865 1678 1909 et
1703 1855 1892 1910 maio-

158 1958 283 1995 rem
309 1938 674 2011 ignominiam
710 1940 991 2013 accipere,
1028 1956 1200 2011 quam
1231 1938 1324 2011 qui
1350 1937 1547 1993 Martis
1575 1959 1693 1996 non
1720 1959 1891 2015 pare·-

158 2035 248 2080 ret
276 2024 522 2078 ducibus.

304 2133 387 2208 Cl.
421 2152 607 2207 Recte.

298 2277 431 2336 Ath.
473 2280 674 2334 Nonne
698 2277 879 2351 igitur,
917 2281 953 2332 fi
978 2277 1097 2332 talis
1123 2282 1254 2334 esset
1281 2276 1515 2335 ebrietas
1539 2279 1773 2353 talisque
1792 2281 1888 2335 lu-

159 2365 289 2427 dm,
328 2364 623 2418 utilitatem
646 2365 912 2419 habentes
935 2364 1254 2420 huiusmodi
1294 2378 1646 2441 compotores
1680 2369 1890 2439 magis-

161 2469 273 2524 que
308 2449 469 2505 amici
507 2469 673 2523 quam
699 2450 874 2523 prius,
910 2471 1049 2516 non,
1094 2460 1157 2504 ut
1182 2470 1349 2520 nunc,
1386 2453 1620 2519 inimici,
1659 2453 1807 2507 inter
1831 2454 1889 2506 se

161 2536 522 2602 discederent,
544 2555 615 2588 ex
641 2535 852 2606 legibus
873 2536 933 2589 in
960 2546 1077 2590 toto
1100 2546 1259 2590 coetu
1284 2539 1564 2607 versantes
1580 2548 1637 2593 et
1657 2540 1887 2612 sequen·

139 2629 242 2678 *tu
269 2639 619 2692 quocumque
641 2619 910 2676 ducerent
929 2621 1097 2676 sobrii
1116 2641 1233 2675 uon
1258 2622 1510 2676 sobrios?

307 2746 385 2805 (ΙΙ.
422 2748 602 2815 Recte,
640 2747 680 2802 fi
712 2747 937 2820 quidem
967 2748 1087 2805 talis
1115 2754 1246 2805 esset
1272 2749 1497 2824 qualem
1517 2770 1668 2806 nunc
1695 2752 1848 2807 dicis.

306 2873 446 2929 Ath.
492 2873 575 2927 Ne
609 2872 776 2946 igitur
798 2875 939 2931 illud
971 2876 1081 2931 iam
1116 2878 1317 2933 Bacchi
1342 2877 1555 2933 donum
1589 2880 1885 2951 vitupere-

167 2977 295 3015 mus
322 2957 634 3030 simpliciter
657 2964 803 3031 quasi
827 2963 1042 3017 malum
1066 2966 1129 3018 sit
1154 2982 1258 3017 nec
1292 2964 1522 3036 dignum
1548 2965 1694 3036 quod
1723 2966 1781 3017 in
1798 2964 1883 3019 ci-

168 3044 403 3106 vitatem
446 3041 780 3115 recipiat-um
816 3067 951 3104 nam
974 3049 1144 3106 etiam
1166 3050 1332 3124 plura
1351 3049 1621 3123 quispiam
1643 3067 1883 3104 enume-
