2132 3652
775 216 1160 273 LEGES
1233 219 1298 273 V.
1792 229 1896 298 275

160 371 225 417 et·
248 360 493 425 inscitus,
536 366 590 412 et
628 367 890 431 tempore*
918 359 1255 431 procedente
1285 362 1537 434 cognitus
1576 365 1781 422 difficili
1807 369 1895 421 se-

156 445 372 504 nectuti
409 445 540 502 suae
570 442 927 515 solitudinem
963 462 1247 517 quamque
1280 441 1443 519 parat
1489 447 1546 500 in
1583 446 1696 502 fine
1729 451 1894 514 vitae,

157 541 216 587 et
242 532 353 585 five
372 531 567 584 vivant
592 528 702 580 five
732 546 847 582 non
882 530 1047 584 amici
1076 532 1145 583 'et
1174 530 1362 596 liberi,
1403 531 1525 586 fere
1553 550 1735 603 aeque
1759 536 1895 595 orba

157 618 212 671 ei
241 617 455 670 exfistat
496 614 622 667 vita.
711 613 1086 669 Honorandus
1126 617 1352 687 quidem
1404 618 1575 671 etiam
1617 619 1714 688 qui
1753 618 1896 674 nihil

154 702 354 757 iniuste
398 701 563 767 facit3
637 700 732 771 qui
781 719 916 753 vero
994 720 1100 754 nec
1138 702 1416 774 permittit
1459 713 1521 756 ut
1568 705 1660 774 qui
1697 704 1895 760 iniuste

153 786 341 843 facere
368 787 545 840 velint
573 785 767 839 iniuste
793 784 1002 840 faciant
1029 787 1204 861 duplo
1229 789 1445 842 maiore
1469 790 1668 859 dignus
1690 790 1762 843 est
1782 790 1895 845 ho-

154 892 296 929 nore
332 890 499 944 quam
540 872 666 937 ille3
704 870 794 925 hic
840 873 992 925 enim
1025 889 1228 939 unum,
1265 873 1356 926 ille
1393 890 1524 924 vero
1568 875 1768 928 multos
1793 895 1893 930 ae-

153 958 418 1031 quiparat
440 957 592 1017 alios,
630 957 882 1012 indicans
905 967 1222 1014 ceterorum
1257 957 1578 1010 iniustitiam
1610 960 1890 1035 principi·-

150 1044 275 1097 bus.
315 1043 411 1114 qui
436 1043 602 1096 etiam
640 1061 744 1115 pro
777 1042 994 1097 viribus
1026 1044 1410 1097 moderatores
1449 1043 1681 1097 adiuvat
1707 1046 1765 1099 in
1792 1066 1892 1101 ca-

150 1128 408 1200 stigandis
443 1128 749 1200 improbis,
805 1127 899 1181 hio
946 1144 1184 1197 magnus
1220 1126 1283 1181 in
1331 1126 1564 1181 civitate
1595 1130 1686 1183 vir
1725 1141 1893 1203 atque

149 1212 434 1288 perfectus
476 1213 875 1284 pronunciator
932 1212 1152 1266 vii-tutis
1205 1213 1406 1267 victor.
1478 1215 1711 1269 eandem
1773 1220 1890 1271 lau-

151 1303 281 1354 dem
307 1301 376 1353 de
401 1299 766 1370 temperantia
793 1317 1019 1369 quoque
1047 1308 1270 1370 oportet
1293 1298 1561 1352 celebrari
1579 1309 1632 1353 et
1663 1301 1733 1355 de
1757 1322 1889 1375 pru-

150 1384 359 1446 dentia,
399 1393 454 1435 et
475 1401 860 1453 quaecumque
886 1383 993 1436 alia
1025 1384 1148 1451 quis
1172 1383 1315 1438 bona
1341 1381 1578 1456 poffidet
1601 1405 1745 1458 quae
1769 1409 1888 1443 nou

147 1470 330 1523 folum
354 1469 471 1540 ipse
498 1468 687 1532 habet,
727 1486 926 1520 verum
961 1466 1132 1519 etiam
1164 1486 1291 1522 cum
1316 1468 1438 1523 aliis
1465 1474 1889 1528 communicare

143 1556 350 1628 potest3
388 1563 445 1606 et
479 1572 607 1605 eum
642 1553 866 1623 quidem
893 1554 991 1623 qui
1016 1555 1396 1614 communicat
1431 1554 1491 1606 in
1527 1555 1749 1613 summo
1778 1559 1888 1612 ho—

143 1639 299 1695 noris
322 1637 498 1710 gradu
522 1638 779 1692 collocari
807 1648 1048 1710 oportet,
1089 1655 1218 1691 eum
1257 1658 1395 1692 vero
1424 1638 1523 1709 qui
1555 1658 1672 1694 non
1696 1647 1886 1715 potest,

145 1737 203 1780 at
232 1724 417 1779 facere
456 1725 598 1786 volt,
638 1724 698 1774 in
730 1721 990 1784 secund0‚
1026 1722 1371 1782 invidentem
1417 1733 1608 1779 autem
1646 1746 1751 1781 nec
1786 1731 1886 1784 sua

145 1814 343 1884 sponte
367 1809 631 1877 cuiquam
664 1808 808 1860 bona
846 1809 1032 1876 aliqua
1070 1818 1306 1881 propter
1339 1810 1640 1865 amicitiam
1665 1812 1911 1886 imper-'

143 1898 378 1950 tientem
408 1895 586 1966 ipsum
612 1892 838 1964 quidem
872 1893 1203 1963 vituperari,
1243 1910 1362 1945 rem
1398 1911 1527 1946 vero
1553 1892 1727 1951 nihilo
1758 1919 1886 1952 ma·-

146 1984 225 2052 gis
260 1991 492 2057 propter
517 1984 864 2052 poffess‘orem
899 1978 1106 2047 sperni,
1145 1978 1234 2028 sed
1271 1978 1487 2047 acquiri
1515 1997 1621 2050 pro
1653 1981 1883 2053 viribus,

146 2069 468 2124 contendito
496 2064 657 2117 nobis
685 2063 917 2133 quisque
939 2062 1007 2115 ad
1042 2062 1310 2116 virtutem
1337 2063 1448 2116 fine
1475 2063 1717 2133 invidia3
1757 2069 1884 2122 talis

143 2155 294 2209 enim
321 2153 575 2207 civitates
604 2147 845 2219 augebit,
885 2156 1102 2199 certans
1127 2147 1355 2216 quidem
1383 2147 1517 2219 ipse,
1558 2149 1629 2202 de
1651 2153 1882 2224 reliquis

134 2259 280 2293 ‚vero
318 2258 430 2291 non
465 2236 761 2289 detrahens
796 2231 1117 2298 calumniiS,
1153 2232 1376 2286 invidus
1410 2242 1605 2287 contra
1636 2237 1880 2311 reliquos

144 2323 541 2380 calumniando
593 2321 645 2372 se
705 2318 1018 2373 existimans
1061 2329 1323 2389 oportere
1375 2318 1721 2391 superiorem
1773 2330 1880 2381 effe

144 2412 260 2484 ipse
303 2411 492 2464 minus
527 2406 707 2461 tendit
742 2406 810 2457 ad
850 2404 1118 2457 virtutem
1154 2423 1383 2469 veram,
1434 2412 1491 2457 et
1529 2408 1880 2464 aemulantes

143 2497 340 2551 iniusta
359 2515 392 2548 v
399 2490 771 2566 imperatione
786 2488 1235 2542 redditanimum
1254 2490 1679 2560 despondenteS,
1707 2492 1878 2549 hanc·

146 2601 256 2653 que
294 2581 366 2634 ob
399 2579 621 2632 causam
663 2574 950 2628 civitatem
988 2583 1163 2628 totam
1210 2575 1275 2626 ad
1320 2574 1545 2629 virtutis
1591 2587 1877 2654 ceptamen

146 2664 563 2720 inexexcitatam
591 2661 754 2715 efficit
786 2670 856 2727 et,
895 2668 1164 2730 quantum
1192 2659 1250 2711 in
1272 2658 1389 2729 ipso
1413 2659 1503 2718 est.
1539 2644 1871 2718 infe-florem

148 2747 334 2801 reddit
371 2749 440 2802 ad
491 2748 698 2803 bonam
740 2747 969 2800 samam.
1020 2743 1332 2797 animosum
1367 2743 1597 2814 quidem
1651 2759 1878 2818 oportet

151 2850 426 2902 quemque
467 2833 656 2890 virum
694 2837 826 2894 effe,
880 2830 1078 2884 mitem
1129 2837 1314 2882 autem
1365 2847 1535 2900 quam
1588 2833 1872 2895 maxime;

152 2932 396 2986 namque
435 2916 780 2986 reliquorum
815 2916 1047 2970 iniurias
1084 2934 1287 2985 graves
1325 2924 1376 2966 et
1405 2915 1599 2968 sanatu
1627 2916 1877 2972 difficiles
1923 2970 1930 2990 ,

152 3000 247 3052 vel
265 2997 442 3051 <etiam
466 2999 692 3054 omnino
718 2999 1046 3055 insanabiles
1074 3019 1186 3053 non
1215 2998 1421 3071 poterit
1445 3000 1607 3052 aliter
1631 3001 1879 3072 effugere

154 3101 324 3153 quam
348 3082 423 3135 ita
446 3091 509 3134 ut
528 3083 825 3154 pugnando
851 3087 1020 3156 seque
1043 3083 1396 3139 defendendo
1425 3083 1610 3158 vincat
1629 3085 1880 3158 nihilque

154 3166 515 3237 castigationis
551 3167 816 3231 remittat,
855 3169 960 3223 hoc
1006 3181 1191 3224 autem
1236 3171 1346 3220 fine
1387 3167 1576 3221 animo
1611 3174 1877 3240 generoso

150 3271 320 3305 nemo
361 3253 533 3322 potest
579 3251 781 3304 facere.
835 3251 902 3304 de
937 3253 1022 3306 his
1065 3274 1201 3308 vero
1242 3250 1335 3321 qui
1375 3250 1608 3305 iniurias
1652 3255 1878 3323 quidem

151 3336 386 3405 faciunt,
426 3336 515 3389 sed
545 3335 827 3403 sanabile-3,
864 3339 1109 3408 cognosci
1136 3345 1353 3408 oportet
1390 3336 1641 3408 primum
1680 3356 1882 3407 quem-

1422 3419 1461 3473 S
1499 3425 1534 3474 2
1835 3452 1843 3477 s
