2158 3652
712 169 1265 227 LEGE51.'
1763 173 1829 229 15

105 321 264 378 nium
300 315 668 372 victoriarum
698 312 885 388 prima
917 321 975 365 et
1006 310 1247 384 optima,
1290 312 1438 367 vinci
1465 322 1652 368 autem
1680 333 1712 367 a
1742 318 1831 370 [e-

103 401 220 462 met
257 404 375 478 ipso
415 401 674 458 omnium
711 398 1083 476 turpissimum
1112 397 1268 451 fimul
1306 407 1472 468 atque
1507 399 1827 472 pesfimum,

100 492 242 546 haec
259 488 414 543 enim
442 485 694 542 bellum
679 504 740 539 in
765 499 987 565 quoque
1009 483 1254 538 nostrum
1275 483 1444 538 inesse
1464 483 1729 540 adversus
1753 486 1835 539 se-

103 584 219 630 met
241 574 422 648 ipsum
448 572 775 646 fignificant.

239 657 380 715 Atlz.
418 660 628 714 Rursus
651 657 820 730 igitur
842 656 1163 708 sermonem
1195 664 1613 713 convertamusz
1647 673 1837 728 quan-

106 734 409 819 doquidem
432 745 585 799 enim
603 744 835 816 quisque
856 743 1096 795 nostrum
1122 740 1331 812 partim
1356 741 1606 815 superior
1632 742 1688 796 se
1699 741 1832 815 ipso,

102 832 315 904 partim
335 829 595 898 inferior,
632 838 822 883 utrum
852 829 1101 882 dicamus
1124 826 1358 882 domum
1385 836 1443 881 et
1466 827 1658 881 vicum
1682 837 1739 881 et
1760 826 1836 881 ci-

102 917 337 972 vitatem
361 916 510 970 idem
538 914 679 967 hoc
663 933 725 966 in
757 914 812 966 se
838 913 1012 967 haber
1016 933 1062 980 e,
1099 931 1172 966 an
1196 931 1323 964 non
1332 910 1616 966 dicamus.
1605 915 1623 948 ²

246 1001 330 1058 CI.
367 1001 560 1058 Semet
586 1000 704 1073 ipsa
730 1006 899 1054 unam
922 1002 1025 1054 effe
1046 996 1181 1052 dicis
1204 996 1571 1070 superiorem,
1589 997 1834 1054 alteram

102 1070 473 1142 inferiorem?
568 1139 577 1154 x

245 1173 384 1230 Am.
424 1171 628 1226 Etiam.

247 1258 332 1311 Cl.
374 1257 495 1311 Hoc
519 1254 918 1328 quoquerecte
941 1255 1169 1329 rogasti3
1209 1257 1338 1310 sano
1359 1257 1508 1312 enim
1524 1267 1582 1312 et
1604 1257 1835 1330 quidem

105 1351 309 1418 magno
325 1362 497 1420 opere
518 1343 645 1411 hoo,
672 1363 788 1397 non
811 1343 1060 1409 minime,
1096 1343 1159 1397 in
1186 1343 1501 1397 civitatibus
1526 1346 1629 1399 usu
1651 1346 1835 1413 venit;

104 1451 239 1487 nam
276 1430 334 1485 in
369 1448 724 1502 quacumque
759 1430 1019 1484 meliores
1057 1429 1325 1501 superant
1353 1427 1578 1501 plebem
1603 1439 1659 1484 et
1681 1431 1838 1485 dete-

103 1518 308 1581 riores,
342 1526 498 1570 reete
519 1515 657 1569 haec
680 1516 862 1569 semet.
881 1516 999 1589 ipsa
1029 1514 1284 1587 superior
1314 1515 1533 1574 dicetur
1556 1515 1750 1571 civitas
1777 1526 1839 1571 et

107 1601 426 1656 laudabitur
470 1599 746 1655 iustiffime
777 1601 925 1656 hane
973 1599 1046 1654 ob
1087 1599 1409 1668 victoriam3
1451 1610 1649 1657 contra
1678 1612 1843 1670 vere,

106 1688 205 1741 ubi
229 1697 424 1742 contra
447 1686 528 1743 fit.

247 1773 383 1830 Atlu
417 1773 539 1827 Hoc
561 1773 809 1845 quidem,
845 1791 1193 1844 umquamne
1222 1773 1475 1827 deterius
1495 1775 1556 1828 fit
1577 1774 1839 1848 superius

106 1859 368 1927 meliore,
405 1860 628 1914 miffum
672 1858 948 1914 faciamus
984 1860 1239 1929 (longam
1284 1859 1437 1912 enim
1472 1859 1530 1912 id
1569 1860 1841 1916 desiderat

108 1945 497 2008 orationem),
534 1944 673 1996 istud
711 1963 852 1997 vero
884 1943 1033 2013 quod
1078 1963 1112 1997 a
1155 1953 1209 1996 te
1233 1944 1447 1998 dictum
1483 1946 1558 1997 est
1584 1944 1838 2018 intelligo

110 2047 262 2084 nunc
309 2026 435 2081 fieri
470 2031 618 2100 poffe
657 2027 994 2098 quandoque
1033 2040 1097 2081 ut
1136 2027 1289 2081 cives
1323 2029 1549 2098 cognati
1587 2031 1838 2095 eiusdem

111 2099 575 2168 civitatisliniusti
608 2112 888 2181 multique
930 2114 1195 2183 congressi
1227 2114 1376 2166 iustis
1415 2113 1515 2184 qui
1549 2117 1841 2187 pauciores

109 2202 215 2254 fint
245 2198 365 2252 vim
396 2195 636 2249 afferant
669 2205 724 2248 et
761 2197 1028 2251 servitute
1051 2217 1143 2250 eos
1171 2198 1512 2269 opprimant,
1530 2206 1587 2250 et
1610 2201 1646 2252 fi
1669 2201 1842 2273 supe-

109 2286 288 2340 riores
317 2281 613 2347 evaserint,
666 2280 991 2336 inferiorem
1027 2281 1312 2335 civitatem
1344 2284 1517 2336 semet
1546 2283 1666 2357 ipsa
1685 2295 1843 2340 recte

110 2370 258 2425 hanc
283 2366 389 2422 dici
413 2367 684 2438 simulque
709 2386 966 2441 pravam,
1007 2366 1101 2422 ubi
1128 2385 1261 2423 vero
1284 2369 1639 2442 superentur,
1679 2371 1840 2444 supe-

109 2455 317 2510 riorem
338 2462 395 2506 et
420 2453 646 2512 bonam.
699 2488 704 2498 ·

257 2539 343 2595 Cl.
381 2539 705 2595 Admodum
731 2537 959 2612 quidem
984 2539 1335 2607 admirabile,
1373 2559 1407 2594 o
1438 2541 1652 2615 hospes,
1689 2545 1840 2615 quod

112 2645 265 2680 nuno
300 2625 516 2681 dictum
552 2627 654 2693 est3
702 2634 896 2680 tamen
925 2625 984 2680 id
1018 2626 1272 2682 confiteri
1314 2628 1565 2683 maxime
1599 2633 1841 2685 neceffa-

112 2711 283 2768 rium.

183 2823 187 2827 ·
255 2796 396 2854 Ath.
434 2792 552 2871 Age
587 2797 756 2867 dum,
807 2797 977 2861 etiam
1014 2798 1122 2853 hoo
1162 2798 1368 2855 iterum
1404 2801 1840 2859 confideremus:

119 2882 284 2936 multi
316 2883 516 2939 iratres
554 2889 657 2939 ess‘e
683 2888 903 2958 possunt
934 2883 1099 2938 unius
1125 2885 1234 2939 viri
1259 2895 1312 2939 et
1342 2887 1595 2940 mulieris
1628 2886 1746 2952 filii,
1785 2896 1863 2940 et.

119 2965 263 3019 nihil
285 2969 411 3023 sane
432 2970 756 3026 mirandum
785 2971 825 3024 fi
846 2970 1044 3045 plures
1074 2989 1272 3025 eorum
1305 2970 1513 3039 iniusti,
1548 2973 1842 3046 pauciores

120 3069 259 3105 vero
280 3051 401 3106 iusti
419 3056 545 3112 sint..

261 3136 344 3191 Cl.
381 3136 530 3193 Nihil
549 3160 701 3197 vero.

266 3224 398 3277 Ath.
438 3223 550 3277 Nec
582 3227 895 3294 deceatme
927 3241 983 3285 et
1019 3250 1123 3286 vos
1147 3230 1255 3287 hoc
1282 3240 1523 3304 captare,
1562 3232 1844 3287 vincenti-2

122 3307 228 3363 bus
268 3310 537 3383 improbis
553 3311 783 3368 domum
811 3325 864 3368 et
883 3317 1270 3388 cognationem
1307 3318 1449 3371 lianc
1472 3328 1646 3372 totam
1675 3321 1843 3371 semet
