2176 3672
791 167 1345 227 enotata
1822 172 1922 246 ιω

232 306 240 317 ‘
330 312 441 368 Me.
479 311 628 367 Sene
649 311 895 383 quidem.
933 361 936 363 Α

329 427 471 483 Aah.
506 426 708 482 Nonne
730 425 1169 481 consentaneum
1192 427 1265 479 est
1291 443 1384 479 eos
1408 425 1573 482 etiam
1592 430 1800 498 putass'e
1826 428 1924 481 1124

187 511 356 567 bilem
397 509 521 565 fore
547 509 699 566 huno
734 528 928 564 rerum
963 512 1161 564 statum
1195 511 1539 582 longumque
1566 508 1786 584 tempus
1812 513 1923 564 du-

183 607 443 653 raturum
471 600 594 663 effe,
631 596 842 668 quippe
870 597 963 668 qui
1002 597 1309 650 multorum
1341 595 1596 650 laborum
1626 607 1681 651 et
1706 597 1920 671 pericu-

184 683 374 738 lorum
412 682 818 736 communitate
853 682 1000 736 inter
1033 685 1084 735 se
1114 678 1428 750 coniuncti,
1468 681 1537 735 ab
1562 702 1676 737 uno
1717 702 1922 758 genere

182 786 379 839 regum
406 786 718 840 eorumque
740 767 983 822 fratrum
1013 767 1072 819 in
1096 767 1351 821 ordinem
1374 768 1477 820 add
1489 769 1597 822 uoti
1609 779 1919 840 praeterea-

184 870 294 924 que
318 852 509 905 multis
536 854 758 907 vatibus
784 855 860 908 ufi
883 851 1099 906 fuerint
1119 871 1296 925 quum
1323 854 1524 908 ceteris
1549 863 1668 908 tum
1687 853 1918 927 Delphi-

182 957 249 993 co
273 937 564 1010 Apolline?

323 1053 434 1109 Me.
477 1050 695 1125 Quidni
719 1051 1148 1105 consentaneum
1163 1050 1191 1105 2

328 1168 463 1222 Am.
522 1167 674 1218 Haec
705 1163 876 1235 igitur
898 1182 1039 1234 quae
1063 1174 1178 1218 tam
1207 1184 1467 1237 magnam
1494 1177 1917 1221 commoverant

185 1253 650 1326 exspectationem
689 1260 1059 1311 evanuerunt,
1105 1261 1169 1303 ut
1193 1252 1383 1323 liquet,
1422 1262 1554 1305 tunc
1579 1251 1741 1305 brevi
1768 1261 1917 1305 tem-

181 1357 341 1412 pore,
379 1346 640 1409 excepta,
679 1336 832 1406 quod
865 1336 1028 1389 modo
1058 1336 1331 1402 diximus,
1369 1322 1570 1406 exigua
1595 1348 1772 1407 parte,
1809 1355 1915 1390 ve-

180 1425 287 1476 stra
309 1423 560 1493 regione3
605 1431 659 1474 et
698 1422 836 1474 haec
876 1420 1102 1491 quidem
1128 1421 1387 1474 adversus
1415 1423 1550 1476 duas
1582 1421 1702 1475 illas
1728 1431 1913 1494 partes

179 1526 492 1578 numquam
522 1507 715 1560 defivit
739 1506 919 1559 adhuc
946 1504 1156 1557 bellum
1183 1524 1412 1576 gerere3
1451 1508 1658 1561 etenim
1690 1506 1912 1561 animus

179 1594 275 1664 qui
313 1603 447 1646 tunc
483 1601 631 1660 erat,
680 1592 741 1645 in
776 1609 952 1644 unum
987 1591 1021 1642 s1
1052 1592 1373 1645 coniunctus
1396 1592 1579 1647 fuiffet
1606 1603 1659 1645 et
1692 1592 1912 1666 conspi-

179 1681 366 1746 raffet,
400 1678 669 1734 invictam
694 1677 840 1732 bello
868 1676 1183 1730 reddidiffet
1202 1695 1400 1731 eorum
1427 1680 1768 1750 potestatem.

321 1806 438 1859 Me.
477 1801 736 1878 Quidni?

322 1932 457 1992 Aah.
496 1929 982 2005 Quomodoigitur
1008 1939 1060 1983 et
1086 1948 1196 2002 qua
1222 1932 1290 1985 de
1316 1933 1474 1985 causa
1488 1931 1675 2002 perit?
1711 1950 1911 1984 annon

179 2021 489 2092 quaestione
512 2018 746 2088 dignum
772 2018 844 2068 est
868 2025 1079 2068 tantam
1107 2016 1392 2087 talemque
1415 2017 1534 2071 vim
1550 2015 1910 2070 coniunctam

178 2123 454 2179 quaenam
476 2102 708 2157 fortuna
736 2100 1081 2154 dissolverit?

319 2234 432 2286 Me.
469 2230 585 2286 Vix
608 2249 672 2283 ac
696 2247 768 2281 ne
792 2228 893 2281 vix
920 2227 1147 2298 quidem
1171 2228 1432 2283 aliorsum
1461 2227 1757 2299 quisquam
1784 2227 1908 2300 spe..

177 2330 331 2374 ctans
347 2319 490 2388 leges
506 2314 858 2392 vel-civitates
873 2313 1005 2366 alias
1030 2313 1631 2386 inveneritpraeelaras
1656 2332 1908 2386 magnas-

175 2423 287 2474 que
326 2423 415 2457 res
453 2403 736 2455 servantes
769 2399 861 2452 vel
893 2401 1089 2453 eontra
1124 2399 1419 2473 perdentes
1450 2399 1702 2468 omnino,
1738 2398 1838 2452 has
1870 2400 1906 2452 fi

175 2488 517 2562 neglexerit.-

318 2614 454 2672 Ath.
494 2614 704 2667 Iccirco
733 2611 987 2680 feliciter,
1026 2623 1092 2667 ut
1119 2607 1288 2687 patet,
1320 2611 1733 2684 quodammodo
1755 2609 1905 2664 inci-

180 2701 363 2756 dimus
389 2703 452 2756 in
475 2698 846 2773 quaestionem
878 2701 1160 2771 quandam
1185 2699 1465 2754 idoneam.
1558 2723 1564 2729 ·

319 2830 431 2885 Me.
467 2826 613 2882 Sane
634 2827 884 2901 quidem.

323 2954 458 3009 Ath.
501 2951 786 3020 Profect0,
824 2953 917 3007 vir
957 2953 1333 3015 admirabilis,
1372 2953 1625 3008 fallimur
1646 2950 1902 3005 homines

187 3055 411 3097 omnes.
461 3045 517 3088 et
552 3055 702 3091 nunc
730 3039 955 3109 quidem
985 3059 1116 3107 noe,
1161 3040 1496 3094 arbitrantes
1522 3041 1740 3110 semper
1771 3036 1904 3108 pul-

187 3124 379 3176 chram
397 3139 495 3173 noe
516 3120 708 3180 videre
732 3142 849 3175 rem
867 3123 1114 3180 futuram
1147 3136 1203 3179 et
1223 3125 1364 3178 mira
1390 3125 1662 3195 quaedam
1680 3121 1902 3176 effectu·

187 3226 327 3263 ram,
367 3207 402 3257 si
432 3202 552 3274 quie
580 3203 719 3258 bene
748 3206 976 3262 sciviffet
1005 3228 1068 3263 ea
1093 3210 1175 3264 uti
1200 3210 1391 3280 aliquo
1423 3210 1626 3273 mode,
1664 3227 1728 3264 ac
1752 3225 1902 3261 nunc

188 3292 412 3363 quidem
463 3308 564 3343 nos
609 3289 832 3343 {orfiian
877 3291 944 3344 de
980 3294 1086 3349 hoe
1122 3296 1240 3370 ipso
1278 3314 1393 3348 non
1421 3305 1574 3349 recte
1602 3293 1899 3347 sentiamus
