2176 3672
804 200 1187 261 LEGE‘S
1262 202 1329 255 11.
1830 204 1928 260 151

208 350 494 408 dimidiam
522 367 677 417 vero,
713 347 997 420 quomodo
1028 344 1211 403 adhuc
1235 341 1545 410 videbitur,
1582 343 1932 402 absolvemus

205 438 300 492 vel
327 435 497 491 etiam
520 434 884 489 dimittemus.

367 520 451 575 01.
495 519 717 595 Quales
758 518 922 587 dicis,
964 525 1026 589 et
1074 515 1360 588 quomodo
1398 524 1700 601 utramque
1742 514 1933 572 distin-

209 607 425 680 guens?
1531 627 1534 631 ·

352 691 484 747 Ath.
531 691 675 744 Tota
715 691 843 742 sane
878 688 1081 743 chorea
1118 696 1237 741 tota
1274 685 1560 758 disciplina
1590 695 1710 741 erat
1744 687 1932 754 nobis,

197 775 375 832 ‘huius
406 785 597 830 autem
633 793 746 828 una
771 794 902 848 pars
935 792 1080 846 quae
1115 791 1256 829 voce
1294 772 1612 827 continetur
1633 771 1859 827 numeri
1880 782 1937 826 et

206 853 550 915 harmoniae.

354 945 440 1005 cl.
476 946 681 1000 Etiam.

352 1030 483 1084 Atla.
532 1031 608 1084 Et
642 1031 819 1083 altera
854 1048 998 1101 quae
1034 1027 1284 1101 corporis
1307 1036 1462 1082 motu
1487 1025 1938 1082 continetur'nu-
2016 1020 2020 1028 ’

210 1134 433 1170 merum
472 1115 693 1187 quidem
731 1113 972 1167 habebat
1005 1132 1363 1168 communem
1409 1132 1537 1167 cum
1568 1111 1720 1166 vocis
1753 1123 1935 1178 motu,

209 1202 415 1273 gestum
446 1210 635 1253 autem
662 1198 982 1272 proprium,
1018 1198 1097 1253 ibi
1121 1217 1255 1254 vero
1282 1210 1476 1254 cantus
1498 1197 1650 1254 vocis
1671 1207 1875 1253 motae.

353 1286 435 1340 Οἱ.
474 1284 775 1340 Verisfime.
1528 1299 1537 1303 *⁷

350 1371 481 1426 Atlz.
534 1369 698 1426 Vocis
745 1369 915 1439 igitur
948 1368 1452 1424 conformationem
1484 1388 1669 1443 neque
1701 1369 1773 1423 ad
1809 1369 1938 1424 ani-

208 1473 368 1510 mum
409 1454 786 1529 peltinentem
825 1455 1160 1525 virtutisque
1201 1455 1543 1528 disciplinam
1570 1458 1936 1528 spectantem,

208 1541 391 1595 nescio
418 1541 720 1613 quomodO,
759 1540 1181 1595 nominavimus
1207 1543 1486 1597 muficam.

354 1626 438 1681 Cl.
473 1627 643 1681 Recte
664 1627 763 1681 ita.
1590 1681 1595 1691 .

315 1713 479 1768 Ath.
520 1715 606 1767 De
634 1733 835 1785 corp01
839 1734 882 1767 is
907 1722 1094 1766 autem
1120 1713 1389 1780 motione,
1426 1731 1597 1785 quam
1622 1712 1937 1767 ludentium

210 1796 556 1850 saltationem
589 1798 849 1862 diximu3‚
877 1800 1110 1868 fiusque
1133 1799 1202 1851 ad
1231 1817 1480 1871 emporis
1502 1801 1773 1854 virtutem
1805 1817 1940 1883 per-

210 1881 355 1935 t1ne1
358 1891 440 1948 et
479 1882 836 1936 artificiosum
861 1883 981 1937 eius
1008 1883 1079 1938 ad
1100 1883 1210 1939 hoc
1229 1885 1461 1940 ductum
1482 1893 1664 1939 artem
1690 1901 1942 1957 gymna-

210 1966 394 2021 ssicam
424 1969 849 2039 appellavimuS.

357 2051 442 2106 Cl.
481 2053 789 2107 Rectissime
814 2073 960 2108 veru.

351 2137 492 2192 Atlz.
546 2138 629 2191 Ac
662 2138 900 2192 muficae
932 2140 1156 2211 quidem
1198 2160 1360 2215 pam,
1408 2160 1574 2213 quam
1610 2140 1781 2196 modo
1815 2139 1940 2195 fere

210 2222 506 2278 dimidium
537 2222 774 2276 choreae
809 2223 1055 2279 diximus
1093 2245 1193 2280 nos
1237 2227 1527 2299 explicasse
1557 2236 1609 2280 et
1634 2226 1938 2293 absolvisse,

207 2327 362 2362 nunc
395 2326 618 2379 quoque
640 2308 719 2361 ita
750 2306 965 2382 dicat-ur
990 2310 1235 2364 absoluta
1259 2316 1380 2374 esse,
1420 2314 1659 2376 alterum
1688 2330 1822 2368 vero
1846 2311 1939 2366 di·-

207 2394 445 2448 midium
477 2412 856 2466 exponamus3
893 2415 967 2448 an
993 2397 1276 2466 quomodo
1302 2397 1673 2452 faciundum?

354 2477 435 2532 Cl.
477 2478 650 2533 Ofvir
677 2480 903 2553 optime,
926 2481 1020 2552 qui
1046 2500 1174 2535 cum
1205 2482 1462 2537 Cretibus
1488 2493 1541 2536 et
1566 2482 1942 2538 Lacedaemo-

210 2563 316 2620 niis
343 2566 657 2618 sermonem
693 2564 932 2635 confere,
972 2568 1040 2620 de
1066 2571 1269 2623 musica
1296 2571 1333 2623 fi
1355 2559 1804 2641 exposuerimus,
1843 2587 1942 2622 ar-

211 2658 326 2702 tem
351 2668 489 2704 vero
526 2650 925 2722 gymnasticam
953 2653 1506 2727 praetermiserimuS,
1544 2653 1810 2725 quidnam
1833 2670 1940 2725 pu-

213 2742 298 2787 tas
336 2734 442 2787 tibi
478 2735 813 2798 alterutrum
853 2738 921 2790 de
953 2737 1112 2793 nobis
1135 2740 1533 2813 responsurum
1556 2743 1661 2794 esse
1678 2739 1750 2793 ad
1791 2738 1940 2793 hanc

217 2819 627 2890 quaestionem?

303 2895 307 2900 ’
358 2902 489 2957 Ath.
526 2904 875 2977 Respondisse
907 2908 1163 2981 equidem
1192 2918 1248 2962 te
1271 2907 1503 2963 dixerim
1524 2907 1941 2981 propemodum

218 2985 355 3040 haec
394 2997 683 3056 rogantem
726 3001 951 3063 aperte,
1003 3003 1060 3047 et
1101 2993 1344 3065 intelligo
1387 2992 1760 3065 quaestionem
1793 2990 1941 3045 hanc

220 3089 371 3124 nunc
398 3073 796 3155 responsionem
826 3080 947 3144 effe,
971 3087 1034 3132 ut
1064 3077 1204 3144 dixi,
1227 3088 1283 3131 et
1305 3088 1590 3152 praeterea
1609 3074 1942 3131 mandatum

219 3167 284 3211 ut
306 3157 655 3210 absolvamus
684 3175 823 3227 quae
845 3153 912 3212 ad
941 3163 1331 3232 gymnasticam
1355 3163 1652 3236 pertinent.

367 3240 451 3295 CI.
489 3241 716 3313 Optime
740 3241 1047 3299 intellexisti
1074 3257 1132 3302 et
1152 3245 1228 3316 ita
1247 3249 1362 3307 iam
1385 3247 1488 3302 sac.

1500 3413 1593 3467 12
