2132 3652
833 189 1382 282 Lsscrsim
1744 194 1971 306 ⁸2&

289 422 291 425 ⁴
389 366 525 424 Ath.
568 369 750 442 Atque
779 377 927 424 recte
956 366 1184 439 quidem
1212 367 1424 436 dixisti3
1466 369 1803 427 alterutrum
1827 371 1979 428 enim

254 468 450 507 eorum
482 471 621 524 quae
644 453 986 535 interrogaxgi
1010 454 1346 527 respondens
1371 451 1524 510 haud
1547 454 1817 510 concinne
1838 459 1980 513 mihi

252 537 477 610 quidem
503 539 650 594 visus
679 542 809 594 effes
831 538 1010 611 loqui.
1052 579 1055 583 »

351 696 353 698 ,
388 640 503 696 Me.
540 640 692 694 Bene
716 638 888 712 igitur
912 637 1130 695 sactum
1157 641 1277 697 erit.

390 734 531 790 Ath.
579 738 703 792 Iam
739 756 879 793 vero
913 738 972 793 id
1011 740 1161 811 quod
1190 738 1399 796 accedit
1428 737 1848 813 rebusin-qiins
1872 728 1983 796 ho·-
2024 799 2028 810 ,

196 826 202 830 “
250 834 411 875 nores
449 830 506 874 et
550 822 893 893 ignominiae
932 825 1164 892 cadunt,
1200 844 1314 922 non
1337 824 1618 890 oratione,
1655 825 1748 880 sed
1775 826 1982 882 silentio

229 906 441 976 'potius
470 906 715 976 quodam
745 908 996 962 oratione
1024 927 1157 982 non⁸
1176 908 1506 983 explicando
1532 907 1766 979 dignum
1794 911 1981 968 fuerit.

388 1005 501 1060 Me.
539 993 1001 1077 Temperanfinm
1029 1006 1174 1062 mihi
1197 1000 1402 1063 viderie
1427 1005 1622 1060 diceress
1666 1005 1669 1010 ’

391 1106 524 1160 Ath.
565 1104 784 1167 Etiam;
826 1115 995 1177 atque
1018 1105 1073 1160 id
1103 1107 1254 1177 quod
1278 1125 1413 1179 prae
1436 1104 1632 1181 ceteris
1657 1105 1822 1182 nobis
1842 1125 1986 1181 pro-

251 1189 363 1245 dest
395 1210 524 1245 cum
563 1190 873 1254 adiectione
899 1190 1015 1266 *illa
1055 1191 1456 1256 coniunctum,
1479 1190 1531 1268 ‘fi
1553 1188 1790 1245 maximi
1826 1193 1986 1246 aesti-

250 1275 500 1330 mabitur
538 1274 830 1341 rectissime
868 1274 1278 1342 aestimabitur,
1316 1285 1372 1329 et
1413 1274 1839 1347 quodfecundo
1858 1277 1985 1331 loco

248 1357 485 1433 prodest,
525 1359 582 1413 id
611 1360 851 1412 secundo
882 1360 1099 1429 honore
1120 1358 1246 1412 iure
1275 1358 1598 1435 dignabitur
1609 1378 1626 1425 3
1667 1361 1721 1412 et
1751 1359 1828 1434 ita
1855 1362 1986 1435 qui-

247 1443 376 1496 dem
403 1463 488 1497 res
512 1450 684 1516 pro'ut
714 1463 785 1496 ex
812 1444 1012 1498 ordine
1037 1446 1349 1515 sequuntur
1372 1440 1687 1499 honoribus
1710 1454 1864 1501 recte
1887 1461 1984 1502 a'u·

245 1527 527 1599 gebuntur
550 1548 620 1582 ex
647 1529 843 1582 ordine
867 1528 1240 1600 sequentibus,

381 1628 496 1685 Me.
532 1628 615 1684 Ita
644 1646 734 1682 res
760 1629 815 1680 se
840 1628 1027 1684 habet.

386 1727 525 1786 Ath.
575 1725 727 1799 Quid
754 1726 958 1797 igitur?
994 1744 1186 1782 nonne
1205 1725 1342 1797 legis
1366 1726 1559 1782 latoris
1591 1727 1733 1785 haec
1755 1708 1983 1806 quoq-ue

248 1811 492 1868 dicemus
515 1815 620 1867 effe
641 1811 1015 1865 distribuere?

389 1912 497 1969 Me.
534 1910 679 1966 Sane
702 1909 950 1980 quidem.

390 2013 525 2071 Ath.
572 2010 743 2067 Visne
771 2009 944 2080 igitur
969 2008 1170 2063 omnia*
1194 2007 1422 2078 quidem
1461 2009 1522 2064 in
1549 2026 1981 2086 quoque·opere

249 2110 305 2152 et
328 2096 651 2152 minutatim
684 2096 761 2147 illi
790 2094 1075 2146 tradamus
1108 2092 1506 2159 distribuenda,
1532 2094 1820 2166 tripartito
1841 2103 1978 2152 vero

248 2182 515 2247 dividere,
555 2198 729 2250 quum
752 2179 939 2248 legum
968 2197 1067 2231 nos
1096 2194 1320 2248 quoque
1345 2177 1509 2232 simus
1531 2179 1765 2246 studiosi,
1809 2201 1981 2238 cone·-

249 2284 394 2332 mur,
433 2268 776 2319 secernentes
802 2263 1047 2317 maxima
1078 2271 1133 2314 et
1158 2260 1401 2315 secunda
1433 2270 1488 2314 et
1514 2262 1716 2318 tertia?

384 2365 493 2421 Me.
530 2365 697 2420 Vero.

383 2464 518 2521 Ath.
551 2463 806 2517 Dicimus
834 2480 966 2534 ergo
995 2460 1287 2526 civitatem,
1316 2470 1378 2515 ut
1401 2470 1568 2534 patet,
1598 2479 1742 2532 quae
1768 2461 1976 2519 servari

246 2562 301 2607 et
315 2570 418 2626 pro
441 2549 658 2613 viribus
671 2548 932 2602 humanis
953 2547 1167 2599 beatam
1197 2545 1252 2596 se
1266 2549 1369 2598 esse
1397 2545 1549 2607 velit,
1573 2541 1839 2621 oportere
1867 2549 1975 2604 ho..

246 2656 407 2691 nores
434 2645 487 2688 et
520 2632 854 2707 ignominias
892 2640 1039 2684 recte
1067 2628 1432 2698 distribuere3
1471 2641 1623 2685 recte
1651 2640 1837 2685 autem
1868 2635 1973 2687 dis.

245 2719 447 2788 tribui,
484 2721 520 2773 si
551 2717 965 2773 honoratisfima
1003 2724 1058 2769 et
1087 2713 1275 2788 prima
1310 2714 1481 2767 animi
1505 2714 1651 2770 bona
1671 2729 1972 2789 ponantur.

247 2805 616 2874 temperantia
640 2803 919 2870 adiuncta,
957 2798 1192 2854 secunda
1210 2798 1455 2872 corporis
1470 2800 1615 2857 bona
1643 2812 1698 2857 et
1722 2804 1972 2871 pulchra,

250 2897 308 2942 et
350 2885 526 2942 tertia·
558 2905 700 2957 quae
738 2889 998 2942 dicantur
1042 2886 1190 2939 bona
1243 2904 1333 2939 res
1372 2884 1663 2942 familiaris
1708 2907 1970 2959 opesque,

249 2973 389 3027 haee
419 2972 458 3023 si
486 2971 606 3040 quis
631 2971 831 3043 migret
849 2973 984 3048 legis
1008 2973 1150 3026 lator
1174 2972 1267 3026 vel
1295 2969 1506 3035 civitaS,
1541 2973 1633 3027 vel
1654 2972 1876 3039 divitias
1899 2977 1968 3031 ad

250 3056 487 3110 honores
506 3053 814 3127 producens
839 3060 928 3113 vel
951 3058 1213 3131 posterius
1242 3055 1455 3127 aliquid
1486 3057 1546 3111 in
1570 3058 1756 3130 priore
1779 3056 1968 3113 hono-

248 3138 325 3192 ris
344 3138 469 3191 loco
492 3137 788 3206 collocans,
827 3160 1007 3214 neque
1036 3142 1206 3197 sancti
1237 3158 1419 3210 neque
1438 3139 1599 3197 civile
1623 3142 1759 3217 quid
1782 3140 1962 3201 faciat.

250 3230 533 3297 ponantur
558 3221 695 3274 haec
725 3222 900 3292 nobie,
936 3244 1008 3280 an
1032 3224 1357 3299 quomodo?
1605 3226 1610 3234 ’
1752 3230 1756 3235 ’
1793 3251 1796 3254 >

391 3334 500 3391 Me.
537 3334 681 3390 Sane
707 3334 926 3409 quidem
949 3336 1232 3396 manifesto
1252 3346 1558 3413 ponantun

1498 3432 1545 3486 N
1584 3439 1617 3486 2
