2176 3672
2 3173 33 3441 {³

8 3438 45 3672 l

690 183 1079 258 LEGES
1151 185 1219 241 11.
1717 205 1813 261 107

91 332 197 386 hus
216 340 272 387 et
286 329 485 386 fabulis
499 339 555 384 et
572 327 936 384 orationibus.
987 329 1026 383 fi
1051 347 1186 383 vero
1212 326 1376 383 aliter
1397 328 1628 383 videtur
1649 345 1818 399 quam

93 416 359 481 ita,.nihil
381 415 615 488 impedit
643 414 948 486 quominus
983 412 1169 468 verbis
1191 413 1262 467 de
1294 415 1404 469 hoc
1429 415 1818 492 disceptemus.

197 532 199 534 ’
238 515 324 572 cl.
363 515 435 570 At
464 516 926 568 nemci-nostrum
943 512 1083 568 mihi
1097 513 1317 568 videtur
1339 515 1408 569 de
1422 514 1528 568 hoc
1548 492 1819 585 umquam

38 614 42 620 ‘
92 600 493 676 disceptaturus
517 605 633 655 effe.

230 698 367 759 Aila..
406 701 680 776 Deinceps
706 699 879 773 igitur
913 720 1104 756 meum
1140 698 1247 755 erit
1276 698 1476 755 dicere.
1550 697 1639 754 aio
1667 696 1819 752 enim

94 783 288 840 omnes
317 785 520 841 debere
544 797 656 841 tres
682 787 882 840 choros
915 786 1146 841 novellis
1174 785 1358 840 adhuc
1381 795 1435 839 et
1454 784 1656 838 teneris
1676 802 1823 855 pue-

92 889 291 948 rorum
319 872 519 926 animis
543 872 858 925 cantionem
881 861 1166 940 adhibere,
1191 889 1366 943 quum
1391 880 1571 923 cetera
1585 870 1824 941 pulchra

93 956 334 1011 dicentes
365 958 556 1012 omnia
598 978 738 1029 quae
776 957 1134 1029 exposuimus
1162 965 1217 1009 et
1237 955 1420 1010 adhuc
1448 973 1820 1025 exponemuS‚

93 1050 213 1094 tum
235 1043 507 1096 summam
537 1062 732 1097 eorum
766 1060 908 1112 quae
935 1042 1072 1095 haec
1092 1043 1228 1094 esto:
1269 1039 1506 1093 eandem
1536 1038 1823 1093 iucundis-

92 1129 282 1182 simam
309 1139 365 1182 et
390 1129 656 1202 optimam
690 1148 721 1180 a
738 1127 841 1178 diis
870 1126 1043 1178 vitam
1076 1124 1341 1198 appellari
1366 1122 1706 1178 affirmantes
1730 1144 1821 1178 ve-

92 1212 297 1267 rissime
341 1214 583 1267 dicemus
620 1213 886 1281 simulque
919 1211 1096 1282 magis
1130 1210 1588 1282 persuadebimus
1618 1209 1821 1281 quibus

93 1317 195 1350 nos
216 1297 543 1370 persuadere
566 1304 808 1369 oportet,
847 1315 1015 1368 quam
1038 1297 1074 1350 fi
1099 1295 1266 1351 aliam
1291 1314 1459 1369 quam
1487 1295 1821 1350 sententiam

93 1382 344 1436 dicimus.
1766 1398 1771 1402 '

237 1482 316 1538 Cl.
356 1480 791 1553 concedendum
821 1482 971 1556 quod
999 1484 1096 1539 ais·

233 1580 370 1650 Ath,
415 1582 672 1638 Primum
710 1583 879 1654 igitur
914 1586 1207 1640 Musarum
1247 1584 1449 1639 chorus
1471 1578 1702 1658 puerilis
1728 1572 1825 1636 ille

51 1696 70 1709 .
90 1668 388 1722 rectissime
419 1669 764 1738 ingredietur
801 1669 1031 1741 primus
1051 1671 1189 1725 haec
1214 1670 1272 1724 in
1295 1687 1598 1725 commune
1629 1677 1826 1731 canta-7

89 1762 259 1818 *turus
285 1754 442 1808 omni
479 1756 651 1808 studio
685 1755 1092 1827 universaeque
1111 1755 1344 1822 civitati,
1368 1753 1638 1809 secundus
1661 1751 1826 1805 dein-

95 1838 166 1891 de
194 1857 388 1892 eorum
416 1839 624 1893 chorus
654 1841 749 1909 qui
793 1840 1130 1894 tricesimum
1171 1859 1382 1901 annum
1411 1848 1582 1908 agunt
1607 1839 1825 1893 Paeana

95 1922 374 1977 dictorum
419 1911 664 1978 veritatis
712 1926 898 1977 testem
938 1926 1203 1980 invocans
1245 1942 1593 1997 precansque
1631 1933 1695 1976 ut
1732 1924 1825 1976 iu-

95 2009 332 2062 venibus
368 2028 494 2062 cum
530 2011 750 2063 suadela
786 2010 846 2061 fit
873 2011 1166 2084 propitius,
1242 2018 1468 2080 oportet
1495 2026 1628 2061 vero
1654 1995 1822 2061 etiam

95 2094 290 2148 tertios
313 2095 411 2166 qui
444 2095 774 2147 tricesimum
793 2115 1004 2147 annum
1027 2095 1335 2165 transgressi
1349 2094 1415 2146 ad
1430 2093 1824 2163 sexagesimum

68 2189 478 2250 ..pervenerunt
503 2199 734 2242 canere3
768 2200 859 2232 eos
891 2191 1077 2232 autem
1107 2180 1203 2251 qui
1230 2178 1487 2249 deinceps
1513 2179 1826 2247 sequuntur

96 2269 311 2334 (neque
339 2264 490 2317 enim
509 2264 621 2318 iam
649 2275 840 2319 cantus
874 2264 1024 2317 serre
1055 2266 1303 2335 poffunt)
1340 2261 1584 2333 relinqui
1601 2272 1827 2335 oportet

96 2348 168 2411 de
189 2349 365 2404 isdem
395 2350 648 2406 cantibus
674 2369 779 2424 per
804 2349 1058 2404 divinum
1086 2349 1378 2404 oraculum
1402 2347 1741 2403 fabulantes·
1809 2392 1813 2397 .

245 2464 331 2520 cl.
370 2463 682 2538 Quosnam‚
707 2462 920 2537 hospes,
944 2463 1133 2518 tertios
1154 2463 1255 2519 hos
1283 2463 1483 2518 choros
1505 2461 1681 2517 dicis?
1707 2482 1824 2518 non

11 2572 15 2580 ·
100 2547 250 2604 enim
285 2550 409 2605 satis
449 2550 597 2605 clare
620 2550 979 2622 intelligimus
1018 2549 1154 2624 quid
1193 2549 1421 2604 tandem
1448 2548 1591 2605 velis
1616 2549 1687 2603 de
1718 2550 1828 2604 istis

99 2633 421 2704 fignifieare.

242 2747 377 2807 Aah.
425 2748 572 2806 Sunt
606 2761 798 2807 tamen
837 2749 897 2803 hi
935 2749 1054 2804 fere
1089 2767 1335 2822 quorum
1358 2748 1518 2805 eausa
1543 2746 1827 2823 plurimae

18 2833 24 2901 ζ
105 2833 445 2906 superiorum
466 2835 777 2890 orationum
805 2836 929 2888 sunt
954 2837 1252 2910 susceptae.

253 2946 338 3003 cl.
372 2946 631 3005 Nondum
662 2950 1079 3022 perspeximus,
1115 2959 1174 3006 at
1204 2950 1370 3004 etiam
1395 2947 1599 3003 clarius
1624 2920 1830 3012 conare

25 3074 27 3077 ψ
106 3031 312 3087 dicere.

251 3144 379 3201 Ath.
419 3145 723 3210 Posuimus,
748 3149 783 3202 fi
805 3148 1183 3217 meminimus,
1208 3147 1365 3203 initio
1382 3145 1702 3202 orationum
1721 3165 1829 3200 na-

109 3239 294 3282 turam
309 3230 560 3283 omnium
585 3231 936 3289 novellorum
949 3235 1223 3290 fervidam
1245 3253 1359 3288 non
1383 3237 1530 3306 poste
1553 3231 1830 3302 quiescere

113 3335 294 3385 neque
328 3334 561 3389 corpore
593 3336 774 3388 neque
806 3336 976 3387 voce,
1018 3321 1107 3374 sed
1134 3321 1284 3393 loqui
1309 3323 1526 3393 semper
1547 3316 1829 3371 immode-
