<?xml version="1.0" encoding="UTF-8"?>
<!DOCTYPE html PUBLIC "-//W3C//DTD XHTML 1.0 Transitional//EN"
    "http://www.w3.org/TR/xhtml1/DTD/xhtml1-transitional.dtd">
<html xmlns="http://www.w3.org/1999/xhtml" xml:lang="en" lang="en">
 <head>
  <title>
</title>
<meta http-equiv="Content-Type" content="text/html;charset=utf-8" />
  <meta name='ocr-system' content='tesseract 3.04.00' />
  <meta name='ocr-capabilities' content='ocr_page ocr_carea ocr_par ocr_line ocrx_word'/>
</head>
<body>
  <div class='ocr_page' id='page_1' title='image "./quaeexstantopera06plat_0365.png"; bbox 0 0 2072 3652; ppageno 0'>
   <div class='ocr_carea' id='block_1_1' title="bbox 172 174 1978 3390">
    <p class='ocr_par' dir='ltr' id='par_1_1' title="bbox 401 174 434 208">
     <span class='ocr_line' id='line_1_1' title="bbox 401 174 434 208; baseline 0 0"><span class='ocrx_word' id='word_1_1' title='bbox 401 174 434 208; x_wconf 62' lang='lat' dir='ltr'><strong>’x</strong></span> 
     </span>
    </p>

    <p class='ocr_par' dir='ltr' id='par_1_2' title="bbox 172 209 1978 3390">
     <span class='ocr_line' id='line_1_2' title="bbox 436 209 1939 296; baseline 0.001 -21"><span class='ocrx_word' id='word_1_2' title='bbox 436 209 443 215; x_wconf 58' lang='grc'><strong>’</strong></span> <span class='ocrx_word' id='word_1_3' title='bbox 758 218 806 275; x_wconf 86' lang='lat' dir='ltr'>L</span> <span class='ocrx_word' id='word_1_4' title='bbox 842 217 889 274; x_wconf 89' lang='lat' dir='ltr'><strong>E</strong></span> <span class='ocrx_word' id='word_1_5' title='bbox 926 216 983 274; x_wconf 91' lang='lat' dir='ltr'>G</span> <span class='ocrx_word' id='word_1_6' title='bbox 1015 218 1065 274; x_wconf 88' lang='lat' dir='ltr'><strong>E</strong></span> <span class='ocrx_word' id='word_1_7' title='bbox 1102 218 1141 275; x_wconf 91' lang='lat' dir='ltr'>S</span> <span class='ocrx_word' id='word_1_8' title='bbox 1214 219 1309 276; x_wconf 89' lang='lat' dir='ltr'><strong>V1.</strong></span> <span class='ocrx_word' id='word_1_9' title='bbox 1831 221 1939 296; x_wconf 26' lang='lat'><strong>357,</strong></span> 
     </span>
     <span class='ocr_line' id='line_1_3' title="bbox 207 358 1938 432; baseline 0.006 -22"><span class='ocrx_word' id='word_1_10' title='bbox 207 358 692 432; x_wconf 51' lang='lat' dir='ltr'><strong>vatum‘privatus,</strong></span> <span class='ocrx_word' id='word_1_11' title='bbox 732 361 992 414; x_wconf 80' lang='lat' dir='ltr'><strong>accusans</strong></span> <span class='ocrx_word' id='word_1_12' title='bbox 1017 358 1274 428; x_wconf 84' lang='lat' dir='ltr'><strong>iniuriae,</strong></span> <span class='ocrx_word' id='word_1_13' title='bbox 1310 358 1375 415; x_wconf 85' lang='lat' dir='ltr'><strong>in</strong></span> <span class='ocrx_word' id='word_1_14' title='bbox 1409 360 1680 418; x_wconf 88' lang='lat' dir='ltr'><strong>iudicium</strong></span> <span class='ocrx_word' id='word_1_15' title='bbox 1705 365 1938 422; x_wconf 77' lang='lat' dir='ltr'><strong>adducit</strong></span> 
     </span>
     <span class='ocr_line' id='line_1_4' title="bbox 204 444 1936 520; baseline 0.005 -25"><span class='ocrx_word' id='word_1_16' title='bbox 204 460 441 514; x_wconf 85' lang='lat' dir='ltr'><strong>remque</strong></span> <span class='ocrx_word' id='word_1_17' title='bbox 458 446 578 498; x_wconf 87' lang='lat' dir='ltr'><strong>volt</strong></span> <span class='ocrx_word' id='word_1_18' title='bbox 605 444 919 513; x_wconf 87' lang='lat' dir='ltr'><strong>diiudicari,</strong></span> <span class='ocrx_word' id='word_1_19' title='bbox 957 446 1218 514; x_wconf 88' lang='lat' dir='ltr'><strong>alterum,</strong></span> <span class='ocrx_word' id='word_1_20' title='bbox 1253 446 1481 517; x_wconf 81' lang='lat' dir='ltr'><strong>quando</strong></span> <span class='ocrx_word' id='word_1_21' title='bbox 1502 463 1627 502; x_wconf 88' lang='lat' dir='ltr'><strong>rem</strong></span> <span class='ocrx_word' id='word_1_22' title='bbox 1648 449 1936 520; x_wconf 85' lang='lat' dir='ltr'><strong>publicam</strong></span> 
     </span>
     <span class='ocr_line' id='line_1_5' title="bbox 205 528 1934 603; baseline 0.005 -24"><span class='ocrx_word' id='word_1_23' title='bbox 205 548 237 580; x_wconf 90' lang='lat' dir='ltr'><strong>a</strong></span> <span class='ocrx_word' id='word_1_24' title='bbox 258 528 470 603; x_wconf 66' lang='lat' dir='ltr'><strong>civium</strong></span> <span class='ocrx_word' id='word_1_25' title='bbox 497 530 762 600; x_wconf 86' lang='lat' dir='ltr'><strong>quopiam</strong></span> <span class='ocrx_word' id='word_1_26' title='bbox 785 529 1090 585; x_wconf 78' lang='lat' dir='ltr'><strong>arbitratur</strong></span> <span class='ocrx_word' id='word_1_27' title='bbox 1105 531 1305 603; x_wconf 87' lang='lat' dir='ltr'><strong>aliquis</strong></span> <span class='ocrx_word' id='word_1_28' title='bbox 1328 531 1528 587; x_wconf 79' lang='lat' dir='ltr'><strong>violari</strong></span> <span class='ocrx_word' id='word_1_29' title='bbox 1552 541 1609 587; x_wconf 85' lang='lat' dir='ltr'><strong>et</strong></span> <span class='ocrx_word' id='word_1_30' title='bbox 1631 551 1934 589; x_wconf 84' lang='lat' dir='ltr'><strong>commune</strong></span> 
     </span>
     <span class='ocr_line' id='line_1_6' title="bbox 203 611 1930 688; baseline 0.004 -24"><span class='ocrx_word' id='word_1_31' title='bbox 203 611 325 665; x_wconf 81' lang='lat' dir='ltr'><strong>volt</strong></span> <span class='ocrx_word' id='word_1_32' title='bbox 358 613 570 667; x_wconf 79' lang='lat' dir='ltr'><strong>auxilio</strong></span> <span class='ocrx_word' id='word_1_33' title='bbox 604 614 817 668; x_wconf 85' lang='lat' dir='ltr'><strong>iuvare.</strong></span> <span class='ocrx_word' id='word_1_34' title='bbox 855 614 1158 669; x_wconf 89' lang='lat' dir='ltr'><strong>dicendum</strong></span> <span class='ocrx_word' id='word_1_35' title='bbox 1191 636 1326 670; x_wconf 88' lang='lat' dir='ltr'><strong>vero</strong></span> <span class='ocrx_word' id='word_1_36' title='bbox 1359 617 1550 688; x_wconf 84' lang='lat' dir='ltr'><strong>quales</strong></span> <span class='ocrx_word' id='word_1_37' title='bbox 1582 617 1683 673; x_wconf 67' lang='lat' dir='ltr'><strong>sint</strong></span> <span class='ocrx_word' id='word_1_38' title='bbox 1709 626 1767 671; x_wconf 87' lang='lat' dir='ltr'><strong>et</strong></span> <span class='ocrx_word' id='word_1_39' title='bbox 1796 618 1930 688; x_wconf 83' lang='lat' dir='ltr'><strong>qui-</strong></span> 
     </span>
     <span class='ocr_line' id='line_1_7' title="bbox 200 697 1978 772; baseline 0.004 -23"><span class='ocrx_word' id='word_1_40' title='bbox 200 714 335 750; x_wconf 85' lang='lat' dir='ltr'><strong>nam</strong></span> <span class='ocrx_word' id='word_1_41' title='bbox 376 697 606 753; x_wconf 84' lang='lat' dir='ltr'><strong>iudices.</strong></span> <span class='ocrx_word' id='word_1_42' title='bbox 665 701 916 772; x_wconf 82' lang='lat' dir='ltr'><strong>primum</strong></span> <span class='ocrx_word' id='word_1_43' title='bbox 954 700 1128 770; x_wconf 85' lang='lat' dir='ltr'><strong>igitur</strong></span> <span class='ocrx_word' id='word_1_44' title='bbox 1169 701 1439 756; x_wconf 86' lang='lat' dir='ltr'><strong>iudicium</strong></span> <span class='ocrx_word' id='word_1_45' title='bbox 1474 703 1583 756; x_wconf 84' lang='lat' dir='ltr'><strong>esto</strong></span> <span class='ocrx_word' id='word_1_46' title='bbox 1623 720 1929 756; x_wconf 87' lang='lat' dir='ltr'><strong>commune</strong></span> <span class='ocrx_word' id='word_1_47' title='bbox 1976 744 1978 748; x_wconf 27' lang='lat' dir='ltr'>v</span> 
     </span>
     <span class='ocr_line' id='line_1_8' title="bbox 201 780 1928 859; baseline 0.002 -21"><span class='ocrx_word' id='word_1_48' title='bbox 201 780 463 838; x_wconf 85' lang='lat' dir='ltr'><strong>omuibus</strong></span> <span class='ocrx_word' id='word_1_49' title='bbox 483 785 652 837; x_wconf 83' lang='lat' dir='ltr'><strong>tertio</strong></span> <span class='ocrx_word' id='word_1_50' title='bbox 676 785 1107 858; x_wconf 81' lang='lat' dir='ltr'><strong>disceptantibus</strong></span> <span class='ocrx_word' id='word_1_51' title='bbox 1138 784 1280 840; x_wconf 88' lang='lat' dir='ltr'><strong>inter</strong></span> <span class='ocrx_word' id='word_1_52' title='bbox 1309 786 1366 840; x_wconf 86' lang='lat' dir='ltr'><strong>se</strong></span> <span class='ocrx_word' id='word_1_53' title='bbox 1389 785 1643 859; x_wconf 76' lang='lat' dir='ltr'><strong>privatiS,</strong></span> <span class='ocrx_word' id='word_1_54' title='bbox 1676 787 1784 842; x_wconf 86' lang='lat' dir='ltr'><strong>hoc</strong></span> <span class='ocrx_word' id='word_1_55' title='bbox 1804 787 1928 842; x_wconf 78' lang='lat' dir='ltr'><strong>iere</strong></span> 
     </span>
     <span class='ocr_line' id='line_1_9' title="bbox 196 868 1929 944; baseline 0.003 -23"><span class='ocrx_word' id='word_1_56' title='bbox 196 868 368 921; x_wconf 86' lang='lat' dir='ltr'><strong>modo</strong></span> <span class='ocrx_word' id='word_1_57' title='bbox 404 869 818 925; x_wconf 83' lang='lat' dir='ltr'><strong>instituendum.</strong></span> <span class='ocrx_word' id='word_1_58' title='bbox 865 889 1058 924; x_wconf 87' lang='lat' dir='ltr'><strong>omnes</strong></span> <span class='ocrx_word' id='word_1_59' title='bbox 1095 869 1358 926; x_wconf 84' lang='lat' dir='ltr'><strong>videlicet</strong></span> <span class='ocrx_word' id='word_1_60' title='bbox 1391 871 1756 943; x_wconf 84' lang='lat' dir='ltr'><strong>magistratus,</strong></span> <span class='ocrx_word' id='word_1_61' title='bbox 1794 873 1929 944; x_wconf 83' lang='lat' dir='ltr'><strong>qui-</strong></span> 
     </span>
     <span class='ocr_line' id='line_1_10' title="bbox 195 955 1928 1031; baseline 0.003 -25"><span class='ocrx_word' id='word_1_62' title='bbox 195 972 442 1024; x_wconf 80' lang='lat' dir='ltr'><strong>cumque</strong></span> <span class='ocrx_word' id='word_1_63' title='bbox 464 973 566 1028; x_wconf 88' lang='lat' dir='ltr'><strong>per</strong></span> <span class='ocrx_word' id='word_1_64' title='bbox 588 973 803 1013; x_wconf 84' lang='lat' dir='ltr'><strong>annum</strong></span> <span class='ocrx_word' id='word_1_65' title='bbox 829 964 883 1007; x_wconf 91' lang='lat' dir='ltr'><strong>et</strong></span> <span class='ocrx_word' id='word_1_66' title='bbox 919 955 1259 1028; x_wconf 85' lang='lat' dir='ltr'><strong>quicumque</strong></span> <span class='ocrx_word' id='word_1_67' title='bbox 1302 955 1523 1025; x_wconf 80' lang='lat' dir='ltr'><strong>longius</strong></span> <span class='ocrx_word' id='word_1_68' title='bbox 1558 974 1665 1028; x_wconf 82' lang='lat' dir='ltr'><strong>per</strong></span> <span class='ocrx_word' id='word_1_69' title='bbox 1699 965 1928 1031; x_wconf 84' lang='lat' dir='ltr'><strong>tempus</strong></span> 
     </span>
     <span class='ocr_line' id='line_1_11' title="bbox 191 1038 1927 1114; baseline 0.003 -23"><span class='ocrx_word' id='word_1_70' title='bbox 191 1038 253 1092; x_wconf 86' lang='lat' dir='ltr'><strong>iu</strong></span> <span class='ocrx_word' id='word_1_71' title='bbox 282 1040 523 1113; x_wconf 82' lang='lat' dir='ltr'><strong>imperio</strong></span> <span class='ocrx_word' id='word_1_72' title='bbox 548 1041 688 1107; x_wconf 84' lang='lat' dir='ltr'><strong>sunt,</strong></span> <span class='ocrx_word' id='word_1_73' title='bbox 725 1039 949 1110; x_wconf 86' lang='lat' dir='ltr'><strong>quando</strong></span> <span class='ocrx_word' id='word_1_74' title='bbox 975 1060 1157 1096; x_wconf 85' lang='lat' dir='ltr'><strong>novus</strong></span> <span class='ocrx_word' id='word_1_75' title='bbox 1175 1060 1356 1096; x_wconf 83' lang='lat' dir='ltr'><strong>annus</strong></span> <span class='ocrx_word' id='word_1_76' title='bbox 1378 1043 1494 1114; x_wconf 88' lang='lat' dir='ltr'><strong>post</strong></span> <span class='ocrx_word' id='word_1_77' title='bbox 1521 1041 1787 1096; x_wconf 82' lang='lat' dir='ltr'><strong>aestivum</strong></span> <span class='ocrx_word' id='word_1_78' title='bbox 1808 1043 1927 1096; x_wconf 82' lang='lat' dir='ltr'><strong>sol-</strong></span> 
     </span>
     <span class='ocr_line' id='line_1_12' title="bbox 192 1122 1928 1198; baseline 0.002 -21"><span class='ocrx_word' id='word_1_79' title='bbox 192 1124 398 1179; x_wconf 81' lang='lat' dir='ltr'><strong>stitium</strong></span> <span class='ocrx_word' id='word_1_80' title='bbox 444 1125 695 1196; x_wconf 86' lang='lat' dir='ltr'><strong>sequenti</strong></span> <span class='ocrx_word' id='word_1_81' title='bbox 728 1126 919 1178; x_wconf 84' lang='lat' dir='ltr'><strong>mense</strong></span> <span class='ocrx_word' id='word_1_82' title='bbox 956 1125 1282 1198; x_wconf 75' lang='lat' dir='ltr'><strong>incepturus</strong></span> <span class='ocrx_word' id='word_1_83' title='bbox 1310 1126 1412 1192; x_wconf 74' lang='lat' dir='ltr'><strong>est,</strong></span> <span class='ocrx_word' id='word_1_84' title='bbox 1446 1122 1629 1198; x_wconf 86' lang='lat' dir='ltr'><strong>pridie</strong></span> <span class='ocrx_word' id='word_1_85' title='bbox 1659 1125 1778 1180; x_wconf 84' lang='lat' dir='ltr'><strong>eius</strong></span> <span class='ocrx_word' id='word_1_86' title='bbox 1809 1125 1928 1181; x_wconf 82' lang='lat' dir='ltr'><strong>diei</strong></span> 
     </span>
     <span class='ocr_line' id='line_1_13' title="bbox 191 1209 1925 1283; baseline -0.001 -17"><span class='ocrx_word' id='word_1_87' title='bbox 191 1211 370 1283; x_wconf 85' lang='lat' dir='ltr'><strong>igitur</strong></span> <span class='ocrx_word' id='word_1_88' title='bbox 417 1230 610 1270; x_wconf 87' lang='lat' dir='ltr'><strong>omues</strong></span> <span class='ocrx_word' id='word_1_89' title='bbox 650 1220 878 1283; x_wconf 84' lang='lat' dir='ltr'><strong>oportet</strong></span> <span class='ocrx_word' id='word_1_90' title='bbox 918 1209 1264 1282; x_wconf 80' lang='lat' dir='ltr'><strong>magistratus</strong></span> <span class='ocrx_word' id='word_1_91' title='bbox 1305 1210 1604 1275; x_wconf 74' lang='lat' dir='ltr'><strong>convenire</strong></span> <span class='ocrx_word' id='word_1_92' title='bbox 1640 1226 1824 1265; x_wconf 84' lang='lat' dir='ltr'><strong>unum</strong></span> <span class='ocrx_word' id='word_1_93' title='bbox 1858 1211 1925 1265; x_wconf 86' lang='lat' dir='ltr'><strong>in</strong></span> 
     </span>
     <span class='ocr_line' id='line_1_14' title="bbox 190 1294 1923 1370; baseline -0.001 -20"><span class='ocrx_word' id='word_1_94' title='bbox 190 1297 468 1370; x_wconf 85' lang='lat' dir='ltr'><strong>templum</strong></span> <span class='ocrx_word' id='word_1_95' title='bbox 492 1305 546 1350; x_wconf 87' lang='lat' dir='ltr'><strong>et</strong></span> <span class='ocrx_word' id='word_1_96' title='bbox 570 1297 693 1350; x_wconf 86' lang='lat' dir='ltr'><strong>iure</strong></span> <span class='ocrx_word' id='word_1_97' title='bbox 717 1294 955 1350; x_wconf 88' lang='lat' dir='ltr'><strong>iurando</strong></span> <span class='ocrx_word' id='word_1_98' title='bbox 980 1314 1086 1368; x_wconf 90' lang='lat' dir='ltr'><strong>per</strong></span> <span class='ocrx_word' id='word_1_99' title='bbox 1118 1297 1289 1350; x_wconf 86' lang='lat' dir='ltr'><strong>deum</strong></span> <span class='ocrx_word' id='word_1_100' title='bbox 1317 1295 1616 1366; x_wconf 77' lang='lat' dir='ltr'><strong>dato&#39;quafi</strong></span> <span class='ocrx_word' id='word_1_101' title='bbox 1642 1295 1923 1368; x_wconf 79' lang='lat' dir='ltr'><strong>primitias</strong></span> 
     </span>
     <span class='ocr_line' id='line_1_15' title="bbox 189 1379 1919 1452; baseline -0.002 -16"><span class='ocrx_word' id='word_1_102' title='bbox 189 1383 483 1438; x_wconf 78' lang='lat' dir='ltr'><strong>offerentes</strong></span> <span class='ocrx_word' id='word_1_103' title='bbox 505 1399 575 1435; x_wconf 83' lang='lat' dir='ltr'><strong>ex</strong></span> <span class='ocrx_word' id='word_1_104' title='bbox 601 1398 828 1452; x_wconf 87' lang='lat' dir='ltr'><strong>quoque</strong></span> <span class='ocrx_word' id='word_1_105' title='bbox 848 1380 1162 1451; x_wconf 85' lang='lat' dir='ltr'><strong>magistratu</strong></span> <span class='ocrx_word' id='word_1_106' title='bbox 1186 1398 1369 1433; x_wconf 88' lang='lat' dir='ltr'><strong>unum</strong></span> <span class='ocrx_word' id='word_1_107' title='bbox 1395 1380 1634 1452; x_wconf 79' lang='lat' dir='ltr'><strong>deligere</strong></span> <span class='ocrx_word' id='word_1_108' title='bbox 1654 1379 1919 1438; x_wconf 78' lang='lat' dir='ltr'><strong>iudicem,</strong></span> 
     </span>
     <span class='ocr_line' id='line_1_16' title="bbox 189 1458 1918 1538; baseline -0.003 -18"><span class='ocrx_word' id='word_1_109' title='bbox 189 1467 287 1537; x_wconf 90' lang='lat' dir='ltr'><strong>qui</strong></span> <span class='ocrx_word' id='word_1_110' title='bbox 312 1467 372 1520; x_wconf 85' lang='lat' dir='ltr'><strong>iu</strong></span> <span class='ocrx_word' id='word_1_111' title='bbox 397 1465 718 1538; x_wconf 84' lang='lat' dir='ltr'><strong>magistratu</strong></span> <span class='ocrx_word' id='word_1_112' title='bbox 748 1460 977 1535; x_wconf 85' lang='lat' dir='ltr'><strong>quoque</strong></span> <span class='ocrx_word' id='word_1_113' title='bbox 1006 1465 1152 1535; x_wconf 89' lang='lat' dir='ltr'><strong>gesto</strong></span> <span class='ocrx_word' id='word_1_114' title='bbox 1185 1464 1432 1537; x_wconf 85' lang='lat' dir='ltr'><strong>optimus</strong></span> <span class='ocrx_word' id='word_1_115' title='bbox 1459 1458 1714 1536; x_wconf 73' lang='lat' dir='ltr'><strong>repertus</strong></span> <span class='ocrx_word' id='word_1_116' title='bbox 1738 1461 1918 1517; x_wconf 79' lang='lat' dir='ltr'><strong>fuerit</strong></span> 
     </span>
     <span class='ocr_line' id='line_1_17' title="bbox 188 1546 1921 1625; baseline -0.003 -18"><span class='ocrx_word' id='word_1_117' title='bbox 188 1563 246 1607; x_wconf 81' lang='lat' dir='ltr'><strong>et</strong></span> <span class='ocrx_word' id='word_1_118' title='bbox 269 1552 482 1625; x_wconf 85' lang='lat' dir='ltr'><strong>optime</strong></span> <span class='ocrx_word' id='word_1_119' title='bbox 505 1546 946 1621; x_wconf 86' lang='lat' dir='ltr'><strong>sanctiffimeque</strong></span> <span class='ocrx_word' id='word_1_120' title='bbox 970 1550 1153 1604; x_wconf 83' lang='lat' dir='ltr'><strong>causas</strong></span> <span class='ocrx_word' id='word_1_121' title='bbox 1178 1547 1394 1603; x_wconf 89' lang='lat' dir='ltr'><strong>civibus</strong></span> <span class='ocrx_word' id='word_1_122' title='bbox 1416 1548 1526 1603; x_wconf 84' lang='lat' dir='ltr'><strong>suis</strong></span> <span class='ocrx_word' id='word_1_123' title='bbox 1551 1566 1656 1620; x_wconf 84' lang='lat' dir='ltr'><strong>per</strong></span> <span class='ocrx_word' id='word_1_124' title='bbox 1675 1547 1921 1619; x_wconf 84' lang='lat' dir='ltr'><strong>sequen-</strong></span> 
     </span>
     <span class='ocr_line' id='line_1_18' title="bbox 186 1631 1922 1693; baseline -0.002 -1"><span class='ocrx_word' id='word_1_125' title='bbox 186 1648 302 1693; x_wconf 87' lang='lat' dir='ltr'><strong>tem</strong></span> <span class='ocrx_word' id='word_1_126' title='bbox 341 1654 557 1691; x_wconf 84' lang='lat' dir='ltr'><strong>annum</strong></span> <span class='ocrx_word' id='word_1_127' title='bbox 598 1633 860 1687; x_wconf 83' lang='lat' dir='ltr'><strong>videatur</strong></span> <span class='ocrx_word' id='word_1_128' title='bbox 891 1633 1243 1688; x_wconf 86' lang='lat' dir='ltr'><strong>iudicaturus</strong></span> <span class='ocrx_word' id='word_1_129' title='bbox 1283 1632 1407 1685; x_wconf 80' lang='lat' dir='ltr'><strong>effe.</strong></span> <span class='ocrx_word' id='word_1_130' title='bbox 1443 1632 1532 1688; x_wconf 87' lang='lat' dir='ltr'><strong>his</strong></span> <span class='ocrx_word' id='word_1_131' title='bbox 1569 1652 1709 1690; x_wconf 80' lang='lat' dir='ltr'><strong>vero</strong></span> <span class='ocrx_word' id='word_1_132' title='bbox 1733 1631 1922 1689; x_wconf 80' lang='lat' dir='ltr'><strong>electis</strong></span> 
     </span>
     <span class='ocr_line' id='line_1_19' title="bbox 184 1716 1919 1793; baseline -0.003 -14"><span class='ocrx_word' id='word_1_133' title='bbox 184 1720 482 1779; x_wconf 83' lang='lat' dir='ltr'><strong>instituitor</strong></span> <span class='ocrx_word' id='word_1_134' title='bbox 506 1718 762 1791; x_wconf 87' lang='lat' dir='ltr'><strong>probatio</strong></span> <span class='ocrx_word' id='word_1_135' title='bbox 786 1717 938 1790; x_wconf 82' lang='lat' dir='ltr'><strong>apud</strong></span> <span class='ocrx_word' id='word_1_136' title='bbox 964 1717 1244 1787; x_wconf 83' lang='lat' dir='ltr'><strong>eligentes,</strong></span> <span class='ocrx_word' id='word_1_137' title='bbox 1281 1726 1337 1770; x_wconf 86' lang='lat' dir='ltr'><strong>et</strong></span> <span class='ocrx_word' id='word_1_138' title='bbox 1359 1718 1401 1771; x_wconf 85' lang='lat' dir='ltr'>fi</span> <span class='ocrx_word' id='word_1_139' title='bbox 1419 1717 1540 1788; x_wconf 84' lang='lat' dir='ltr'><strong>quis</strong></span> <span class='ocrx_word' id='word_1_140' title='bbox 1560 1717 1796 1793; x_wconf 83' lang='lat' dir='ltr'><strong>reiectus</strong></span> <span class='ocrx_word' id='word_1_141' title='bbox 1816 1716 1919 1775; x_wconf 72' lang='lat' dir='ltr'><strong>iu·-</strong></span> 
     </span>
     <span class='ocr_line' id='line_1_20' title="bbox 186 1800 1918 1876; baseline 0 -18"><span class='ocrx_word' id='word_1_142' title='bbox 186 1807 323 1873; x_wconf 83' lang='lat' dir='ltr'><strong>erit,</strong></span> <span class='ocrx_word' id='word_1_143' title='bbox 365 1804 505 1869; x_wconf 78' lang='lat' dir='ltr'><strong>alius</strong></span> <span class='ocrx_word' id='word_1_144' title='bbox 547 1803 661 1855; x_wconf 88' lang='lat' dir='ltr'><strong>eius</strong></span> <span class='ocrx_word' id='word_1_145' title='bbox 688 1803 811 1858; x_wconf 91' lang='lat' dir='ltr'><strong>loco</strong></span> <span class='ocrx_word' id='word_1_146' title='bbox 844 1800 1040 1853; x_wconf 85' lang='lat' dir='ltr'><strong>eadem</strong></span> <span class='ocrx_word' id='word_1_147' title='bbox 1073 1801 1294 1856; x_wconf 83' lang='lat' dir='ltr'><strong>ratione</strong></span> <span class='ocrx_word' id='word_1_148' title='bbox 1329 1800 1644 1872; x_wconf 57' lang='lat' dir='ltr'><strong>eligendusj</strong></span> <span class='ocrx_word' id='word_1_149' title='bbox 1689 1801 1918 1876; x_wconf 85' lang='lat' dir='ltr'><strong>probati</strong></span> 
     </span>
     <span class='ocr_line' id='line_1_21' title="bbox 182 1882 1914 1957; baseline -0.006 -13"><span class='ocrx_word' id='word_1_150' title='bbox 182 1910 319 1944; x_wconf 83' lang='lat' dir='ltr'><strong>vero</strong></span> <span class='ocrx_word' id='word_1_151' title='bbox 339 1890 424 1942; x_wconf 87' lang='lat' dir='ltr'><strong>ius</strong></span> <span class='ocrx_word' id='word_1_152' title='bbox 439 1888 662 1941; x_wconf 82' lang='lat' dir='ltr'><strong>dicunto</strong></span> <span class='ocrx_word' id='word_1_153' title='bbox 684 1886 760 1939; x_wconf 85' lang='lat' dir='ltr'><strong>eis</strong></span> <span class='ocrx_word' id='word_1_154' title='bbox 776 1885 870 1955; x_wconf 86' lang='lat' dir='ltr'><strong>qui</strong></span> <span class='ocrx_word' id='word_1_155' title='bbox 883 1884 1101 1955; x_wconf 84' lang='lat' dir='ltr'><strong>reliqua</strong></span> <span class='ocrx_word' id='word_1_156' title='bbox 1114 1883 1314 1942; x_wconf 83' lang='lat' dir='ltr'><strong>iudicia</strong></span> <span class='ocrx_word' id='word_1_157' title='bbox 1334 1882 1622 1957; x_wconf 67' lang='lat' dir='ltr'><strong>fugeruut,</strong></span> <span class='ocrx_word' id='word_1_158' title='bbox 1642 1897 1700 1946; x_wconf 85' lang='lat' dir='ltr'><strong>et</strong></span> <span class='ocrx_word' id='word_1_159' title='bbox 1719 1885 1914 1946; x_wconf 73' lang='lat' dir='ltr'><strong>suffra.</strong></span> 
     </span>
     <span class='ocr_line' id='line_1_22' title="bbox 182 1969 1913 2045; baseline -0.002 -17"><span class='ocrx_word' id='word_1_160' title='bbox 182 1977 338 2044; x_wconf 87' lang='lat' dir='ltr'><strong>gium</strong></span> <span class='ocrx_word' id='word_1_161' title='bbox 371 1983 629 2045; x_wconf 81' lang='lat' dir='ltr'><strong>apertum</strong></span> <span class='ocrx_word' id='word_1_162' title='bbox 660 1970 903 2025; x_wconf 86' lang='lat' dir='ltr'><strong>ferunt0.</strong></span> <span class='ocrx_word' id='word_1_163' title='bbox 938 1969 1215 2029; x_wconf 80' lang='lat' dir='ltr'><strong>auditores</strong></span> <span class='ocrx_word' id='word_1_164' title='bbox 1247 1972 1351 2025; x_wconf 79' lang='lat' dir='ltr'><strong>effe</strong></span> <span class='ocrx_word' id='word_1_165' title='bbox 1384 1978 1555 2041; x_wconf 89' lang='lat' dir='ltr'><strong>atque</strong></span> <span class='ocrx_word' id='word_1_166' title='bbox 1573 1973 1913 2044; x_wconf 79' lang='lat' dir='ltr'><strong>spectatores</strong></span> 
     </span>
     <span class='ocr_line' id='line_1_23' title="bbox 181 2053 1913 2127; baseline -0.003 -14"><span class='ocrx_word' id='word_1_167' title='bbox 181 2062 391 2119; x_wconf 88' lang='lat' dir='ltr'><strong>horum</strong></span> <span class='ocrx_word' id='word_1_168' title='bbox 414 2056 752 2111; x_wconf 83' lang='lat' dir='ltr'><strong>iudiciorum</strong></span> <span class='ocrx_word' id='word_1_169' title='bbox 785 2063 1056 2125; x_wconf 86' lang='lat' dir='ltr'><strong>coguntor</strong></span> <span class='ocrx_word' id='word_1_170' title='bbox 1080 2053 1358 2110; x_wconf 77' lang='lat' dir='ltr'><strong>senatores</strong></span> <span class='ocrx_word' id='word_1_171' title='bbox 1395 2063 1454 2106; x_wconf 81' lang='lat' dir='ltr'><strong>et</strong></span> <span class='ocrx_word' id='word_1_172' title='bbox 1487 2055 1691 2127; x_wconf 85' lang='lat' dir='ltr'><strong>reliqui</strong></span> <span class='ocrx_word' id='word_1_173' title='bbox 1726 2054 1913 2126; x_wconf 82' lang='lat' dir='ltr'><strong>magi·-</strong></span> 
     </span>
     <span class='ocr_line' id='line_1_24' title="bbox 179 2137 1912 2216; baseline -0.005 -17"><span class='ocrx_word' id='word_1_174' title='bbox 179 2149 379 2203; x_wconf 83' lang='lat' dir='ltr'><strong>ssratus</strong></span> <span class='ocrx_word' id='word_1_175' title='bbox 414 2143 514 2216; x_wconf 85' lang='lat' dir='ltr'><strong>qui</strong></span> <span class='ocrx_word' id='word_1_176' title='bbox 538 2142 656 2195; x_wconf 87' lang='lat' dir='ltr'><strong>illos</strong></span> <span class='ocrx_word' id='word_1_177' title='bbox 691 2140 1007 2211; x_wconf 87' lang='lat' dir='ltr'><strong>elegerunt,</strong></span> <span class='ocrx_word' id='word_1_178' title='bbox 1055 2157 1087 2191; x_wconf 90' lang='lat' dir='ltr'><strong>e</strong></span> <span class='ocrx_word' id='word_1_179' title='bbox 1121 2139 1315 2192; x_wconf 83' lang='lat' dir='ltr'><strong>ceteris</strong></span> <span class='ocrx_word' id='word_1_180' title='bbox 1355 2137 1693 2210; x_wconf 86' lang='lat' dir='ltr'><strong>quicumque</strong></span> <span class='ocrx_word' id='word_1_181' title='bbox 1736 2138 1912 2197; x_wconf 50' lang='lat' dir='ltr'><strong>volet2</strong></span> 
     </span>
     <span class='ocr_line' id='line_1_25' title="bbox 178 2223 1910 2301; baseline -0.003 -17"><span class='ocrx_word' id='word_1_182' title='bbox 178 2231 369 2301; x_wconf 77' lang='lat' dir='ltr'><strong>quodsi</strong></span> <span class='ocrx_word' id='word_1_183' title='bbox 394 2228 519 2299; x_wconf 83' lang='lat' dir='ltr'><strong>quis</strong></span> <span class='ocrx_word' id='word_1_184' title='bbox 541 2243 710 2297; x_wconf 90' lang='lat' dir='ltr'><strong>quem</strong></span> <span class='ocrx_word' id='word_1_185' title='bbox 746 2225 809 2278; x_wconf 89' lang='lat' dir='ltr'><strong>in</strong></span> <span class='ocrx_word' id='word_1_186' title='bbox 844 2242 912 2277; x_wconf 87' lang='lat' dir='ltr'><strong>eo</strong></span> <span class='ocrx_word' id='word_1_187' title='bbox 951 2223 1166 2279; x_wconf 82' lang='lat' dir='ltr'><strong>accuset</strong></span> <span class='ocrx_word' id='word_1_188' title='bbox 1190 2223 1337 2293; x_wconf 85' lang='lat' dir='ltr'><strong>quod</strong></span> <span class='ocrx_word' id='word_1_189' title='bbox 1375 2223 1524 2284; x_wconf 87' lang='lat' dir='ltr'><strong>ultro</strong></span> <span class='ocrx_word' id='word_1_190' title='bbox 1550 2224 1750 2279; x_wconf 81' lang='lat' dir='ltr'><strong>iniuste</strong></span> <span class='ocrx_word' id='word_1_191' title='bbox 1783 2241 1910 2279; x_wconf 84' lang='lat' dir='ltr'><strong>rem</strong></span> 
     </span>
     <span class='ocr_line' id='line_1_26' title="bbox 176 2306 1909 2380; baseline -0.006 -10"><span class='ocrx_word' id='word_1_192' title='bbox 176 2315 476 2380; x_wconf 84' lang='lat' dir='ltr'><strong>iudicavit,</strong></span> <span class='ocrx_word' id='word_1_193' title='bbox 535 2310 611 2363; x_wconf 84' lang='lat' dir='ltr'><strong>ad</strong></span> <span class='ocrx_word' id='word_1_194' title='bbox 646 2310 836 2380; x_wconf 88' lang='lat' dir='ltr'><strong>legum</strong></span> <span class='ocrx_word' id='word_1_195' title='bbox 878 2309 1125 2363; x_wconf 83' lang='lat' dir='ltr'><strong>custodes</strong></span> <span class='ocrx_word' id='word_1_196' title='bbox 1167 2307 1436 2362; x_wconf 85' lang='lat' dir='ltr'><strong>accedens</strong></span> <span class='ocrx_word' id='word_1_197' title='bbox 1472 2310 1724 2366; x_wconf 77' lang='lat' dir='ltr'><strong>accusato</strong></span> <span class='ocrx_word' id='word_1_198' title='bbox 1738 2328 1759 2376; x_wconf 87' lang='lat'>3</span> <span class='ocrx_word' id='word_1_199' title='bbox 1808 2306 1909 2380; x_wconf 83' lang='lat' dir='ltr'><strong>qui</strong></span> 
     </span>
     <span class='ocr_line' id='line_1_27' title="bbox 174 2391 1907 2472; baseline -0.002 -19"><span class='ocrx_word' id='word_1_200' title='bbox 174 2419 306 2454; x_wconf 87' lang='lat' dir='ltr'><strong>reus</strong></span> <span class='ocrx_word' id='word_1_201' title='bbox 328 2405 582 2472; x_wconf 82' lang='lat' dir='ltr'><strong>peractus</strong></span> <span class='ocrx_word' id='word_1_202' title='bbox 601 2396 674 2449; x_wconf 84' lang='lat' dir='ltr'><strong>est</strong></span> <span class='ocrx_word' id='word_1_203' title='bbox 692 2412 932 2466; x_wconf 86' lang='lat' dir='ltr'><strong>poenam</strong></span> <span class='ocrx_word' id='word_1_204' title='bbox 945 2395 1089 2448; x_wconf 83' lang='lat' dir='ltr'><strong>hanc</strong></span> <span class='ocrx_word' id='word_1_205' title='bbox 1102 2393 1365 2449; x_wconf 21' lang='lat' dir='ltr'><strong>subitoyut</strong></span> <span class='ocrx_word' id='word_1_206' title='bbox 1383 2391 1576 2448; x_wconf 83' lang='lat' dir='ltr'><strong>damni</strong></span> <span class='ocrx_word' id='word_1_207' title='bbox 1607 2391 1907 2449; x_wconf 85' lang='lat' dir='ltr'><strong>dimidium</strong></span> 
     </span>
     <span class='ocr_line' id='line_1_28' title="bbox 176 2474 1903 2552; baseline -0.006 -14"><span class='ocrx_word' id='word_1_208' title='bbox 176 2486 229 2538; x_wconf 84' lang='lat' dir='ltr'><strong>ei</strong></span> <span class='ocrx_word' id='word_1_209' title='bbox 255 2483 352 2552; x_wconf 89' lang='lat' dir='ltr'><strong>qui</strong></span> <span class='ocrx_word' id='word_1_210' title='bbox 391 2482 660 2535; x_wconf 85' lang='lat' dir='ltr'><strong>damnum</strong></span> <span class='ocrx_word' id='word_1_211' title='bbox 700 2477 830 2533; x_wconf 81' lang='lat' dir='ltr'><strong>fecit</strong></span> <span class='ocrx_word' id='word_1_212' title='bbox 868 2478 1176 2550; x_wconf 81' lang='lat' dir='ltr'><strong>persolvat,</strong></span> <span class='ocrx_word' id='word_1_213' title='bbox 1211 2479 1250 2533; x_wconf 85' lang='lat' dir='ltr'><strong>fi</strong></span> <span class='ocrx_word' id='word_1_214' title='bbox 1281 2495 1420 2532; x_wconf 84' lang='lat' dir='ltr'><strong>vero</strong></span> <span class='ocrx_word' id='word_1_215' title='bbox 1454 2476 1671 2533; x_wconf 86' lang='lat' dir='ltr'><strong>maiore</strong></span> <span class='ocrx_word' id='word_1_216' title='bbox 1707 2474 1903 2547; x_wconf 82' lang='lat' dir='ltr'><strong>dignus</strong></span> 
     </span>
     <span class='ocr_line' id='line_1_29' title="bbox 176 2560 1902 2635; baseline -0.004 -15"><span class='ocrx_word' id='word_1_217' title='bbox 176 2572 280 2627; x_wconf 83' lang='lat' dir='ltr'><strong>esse</strong></span> <span class='ocrx_word' id='word_1_218' title='bbox 306 2566 561 2620; x_wconf 81' lang='lat' dir='ltr'><strong>videatur</strong></span> <span class='ocrx_word' id='word_1_219' title='bbox 584 2563 807 2625; x_wconf 85' lang='lat' dir='ltr'><strong>mulcta,</strong></span> <span class='ocrx_word' id='word_1_220' title='bbox 846 2564 943 2635; x_wconf 89' lang='lat' dir='ltr'><strong>qui</strong></span> <span class='ocrx_word' id='word_1_221' title='bbox 980 2565 1201 2619; x_wconf 86' lang='lat' dir='ltr'><strong>causam</strong></span> <span class='ocrx_word' id='word_1_222' title='bbox 1224 2561 1547 2617; x_wconf 78' lang='lat' dir='ltr'><strong>iudicarunt</strong></span> <span class='ocrx_word' id='word_1_223' title='bbox 1576 2560 1902 2616; x_wconf 77' lang='lat' dir='ltr'><strong>aestimante</strong></span> 
     </span>
     <span class='ocr_line' id='line_1_30' title="bbox 174 2647 1900 2725; baseline -0.003 -20"><span class='ocrx_word' id='word_1_224' title='bbox 174 2652 305 2724; x_wconf 91' lang='lat' dir='ltr'><strong>quid</strong></span> <span class='ocrx_word' id='word_1_225' title='bbox 345 2660 639 2723; x_wconf 78' lang='lat' dir='ltr'><strong>praetcrea</strong></span> <span class='ocrx_word' id='word_1_226' title='bbox 666 2666 797 2701; x_wconf 89' lang='lat' dir='ltr'><strong>eum</strong></span> <span class='ocrx_word' id='word_1_227' title='bbox 833 2658 1086 2719; x_wconf 87' lang='lat' dir='ltr'><strong>oporteat</strong></span> <span class='ocrx_word' id='word_1_228' title='bbox 1114 2647 1232 2720; x_wconf 85' lang='lat' dir='ltr'><strong>pati</strong></span> <span class='ocrx_word' id='word_1_229' title='bbox 1259 2647 1355 2703; x_wconf 84' lang='lat' dir='ltr'><strong>vel</strong></span> <span class='ocrx_word' id='word_1_230' title='bbox 1386 2647 1706 2725; x_wconf 81' lang='lat' dir='ltr'><strong>persolvere</strong></span> <span class='ocrx_word' id='word_1_231' title='bbox 1737 2664 1900 2701; x_wconf 84' lang='lat' dir='ltr'><strong>com-</strong></span> 
     </span>
     <span class='ocr_line' id='line_1_31' title="bbox 173 2730 1896 2804; baseline -0.003 -15"><span class='ocrx_word' id='word_1_232' title='bbox 173 2736 335 2794; x_wconf 80' lang='lat' dir='ltr'><strong>muni</strong></span> <span class='ocrx_word' id='word_1_233' title='bbox 361 2747 418 2792; x_wconf 85' lang='lat' dir='ltr'><strong>et</strong></span> <span class='ocrx_word' id='word_1_234' title='bbox 442 2732 760 2790; x_wconf 81' lang='lat' dir='ltr'><strong>accusatori.</strong></span> <span class='ocrx_word' id='word_1_235' title='bbox 796 2730 869 2786; x_wconf 89' lang='lat' dir='ltr'><strong>de</strong></span> <span class='ocrx_word' id='word_1_236' title='bbox 894 2733 1134 2804; x_wconf 81' lang='lat' dir='ltr'><strong>publicis</strong></span> <span class='ocrx_word' id='word_1_237' title='bbox 1157 2750 1295 2787; x_wconf 86' lang='lat' dir='ltr'><strong>vero</strong></span> <span class='ocrx_word' id='word_1_238' title='bbox 1324 2732 1766 2789; x_wconf 78' lang='lat' dir='ltr'><strong>accusationibus</strong></span> <span class='ocrx_word' id='word_1_239' title='bbox 1789 2749 1896 2785; x_wconf 85' lang='lat' dir='ltr'><strong>ne·-</strong></span> 
     </span>
     <span class='ocr_line' id='line_1_32' title="bbox 176 2814 1895 2890; baseline -0.005 -17"><span class='ocrx_word' id='word_1_240' title='bbox 176 2824 309 2873; x_wconf 70' lang='lat' dir='ltr'><strong>cette</strong></span> <span class='ocrx_word' id='word_1_241' title='bbox 331 2822 401 2872; x_wconf 84' lang='lat' dir='ltr'><strong>est</strong></span> <span class='ocrx_word' id='word_1_242' title='bbox 416 2819 660 2890; x_wconf 86' lang='lat' dir='ltr'><strong>primum</strong></span> <span class='ocrx_word' id='word_1_243' title='bbox 677 2816 1093 2873; x_wconf 87' lang='lat' dir='ltr'><strong>multitudinem</strong></span> <span class='ocrx_word' id='word_1_244' title='bbox 1108 2814 1299 2872; x_wconf 84' lang='lat' dir='ltr'><strong>iudicii</strong></span> <span class='ocrx_word' id='word_1_245' title='bbox 1322 2816 1653 2889; x_wconf 82' lang='lat' dir='ltr'><strong>participem</strong></span> <span class='ocrx_word' id='word_1_246' title='bbox 1680 2814 1895 2880; x_wconf 79' lang='lat' dir='ltr'><strong>facere;</strong></span> 
     </span>
     <span class='ocr_line' id='line_1_33' title="bbox 175 2894 1890 2971; baseline -0.002 -18"><span class='ocrx_word' id='word_1_247' title='bbox 175 2900 379 2955; x_wconf 83' lang='lat' dir='ltr'><strong>iniuria</strong></span> <span class='ocrx_word' id='word_1_248' title='bbox 405 2901 552 2954; x_wconf 84' lang='lat' dir='ltr'><strong>enim</strong></span> <span class='ocrx_word' id='word_1_249' title='bbox 581 2901 763 2955; x_wconf 72' lang='lat' dir='ltr'><strong>affecti</strong></span> <span class='ocrx_word' id='word_1_250' title='bbox 787 2894 976 2956; x_wconf 85' lang='lat' dir='ltr'><strong>omnes</strong></span> <span class='ocrx_word' id='word_1_251' title='bbox 1000 2904 1151 2969; x_wconf 83' lang='lat' dir='ltr'><strong>sunt,</strong></span> <span class='ocrx_word' id='word_1_252' title='bbox 1182 2902 1220 2955; x_wconf 87' lang='lat' dir='ltr'><strong>fi</strong></span> <span class='ocrx_word' id='word_1_253' title='bbox 1244 2900 1368 2971; x_wconf 84' lang='lat' dir='ltr'><strong>quis</strong></span> <span class='ocrx_word' id='word_1_254' title='bbox 1392 2900 1607 2956; x_wconf 84' lang='lat' dir='ltr'><strong>civitati</strong></span> <span class='ocrx_word' id='word_1_255' title='bbox 1624 2896 1890 2954; x_wconf 79' lang='lat' dir='ltr'><strong>iniuriam</strong></span> 
     </span>
     <span class='ocr_line' id='line_1_34' title="bbox 174 2980 1890 3045; baseline -0.001 -10"><span class='ocrx_word' id='word_1_256' title='bbox 174 2983 362 3045; x_wconf 76' lang='lat' dir='ltr'><strong>insert,</strong></span> <span class='ocrx_word' id='word_1_257' title='bbox 398 2995 451 3036; x_wconf 81' lang='lat' dir='ltr'><strong>ct</strong></span> <span class='ocrx_word' id='word_1_258' title='bbox 487 2986 684 3038; x_wconf 87' lang='lat' dir='ltr'><strong>merito</strong></span> <span class='ocrx_word' id='word_1_259' title='bbox 715 2987 934 3040; x_wconf 82' lang='lat' dir='ltr'><strong>moleste</strong></span> <span class='ocrx_word' id='word_1_260' title='bbox 971 2985 1156 3040; x_wconf 86' lang='lat' dir='ltr'><strong>ferent</strong></span> <span class='ocrx_word' id='word_1_261' title='bbox 1189 2986 1225 3038; x_wconf 88' lang='lat' dir='ltr'>fi</span> <span class='ocrx_word' id='word_1_262' title='bbox 1261 2986 1484 3042; x_wconf 72' lang='lat' dir='ltr'><strong>nullam}</strong></span> <span class='ocrx_word' id='word_1_263' title='bbox 1507 2986 1713 3040; x_wconf 84' lang='lat' dir='ltr'><strong>harum</strong></span> <span class='ocrx_word' id='word_1_264' title='bbox 1739 2980 1890 3036; x_wconf 86' lang='lat' dir='ltr'><strong>diiu-</strong></span> 
     </span>
     <span class='ocr_line' id='line_1_35' title="bbox 176 3065 1887 3139; baseline -0.002 -20"><span class='ocrx_word' id='word_1_265' title='bbox 176 3068 514 3122; x_wconf 82' lang='lat' dir='ltr'><strong>dicatiouum</strong></span> <span class='ocrx_word' id='word_1_266' title='bbox 551 3075 768 3139; x_wconf 84' lang='lat' dir='ltr'><strong>partem</strong></span> <span class='ocrx_word' id='word_1_267' title='bbox 806 3069 1119 3137; x_wconf 75' lang='lat' dir='ltr'><strong>habebunt3</strong></span> <span class='ocrx_word' id='word_1_268' title='bbox 1170 3070 1280 3123; x_wconf 87' lang='lat' dir='ltr'><strong>imo</strong></span> <span class='ocrx_word' id='word_1_269' title='bbox 1314 3069 1531 3123; x_wconf 84' lang='lat' dir='ltr'><strong>initium</strong></span> <span class='ocrx_word' id='word_1_270' title='bbox 1564 3065 1887 3127; x_wconf 80' lang='lat' dir='ltr'><strong>huiusmodi</strong></span> 
     </span>
     <span class='ocr_line' id='line_1_36' title="bbox 174 3149 1884 3227; baseline -0.001 -24"><span class='ocrx_word' id='word_1_271' title='bbox 174 3149 365 3203; x_wconf 82' lang='lat' dir='ltr'><strong>iudicii</strong></span> <span class='ocrx_word' id='word_1_272' title='bbox 394 3161 448 3203; x_wconf 86' lang='lat' dir='ltr'><strong>ct</strong></span> <span class='ocrx_word' id='word_1_273' title='bbox 472 3151 641 3206; x_wconf 84' lang='lat' dir='ltr'><strong>finem</strong></span> <span class='ocrx_word' id='word_1_274' title='bbox 668 3151 734 3204; x_wconf 83' lang='lat' dir='ltr'><strong>ad</strong></span> <span class='ocrx_word' id='word_1_275' title='bbox 758 3153 1024 3223; x_wconf 77' lang='lat' dir='ltr'><strong>populum</strong></span> <span class='ocrx_word' id='word_1_276' title='bbox 1058 3152 1265 3208; x_wconf 72' lang='lat' dir='ltr'><strong>deferri</strong></span> <span class='ocrx_word' id='word_1_277' title='bbox 1300 3164 1536 3224; x_wconf 81' lang='lat' dir='ltr'><strong>oportet,</strong></span> <span class='ocrx_word' id='word_1_278' title='bbox 1574 3151 1884 3227; x_wconf 82' lang='lat' dir='ltr'><strong>exploratio</strong></span> 
     </span>
     <span class='ocr_line' id='line_1_37' title="bbox 174 3232 1884 3307; baseline 0.002 -23"><span class='ocrx_word' id='word_1_279' title='bbox 174 3244 361 3285; x_wconf 83' lang='lat' dir='ltr'><strong>autem</strong></span> <span class='ocrx_word' id='word_1_280' title='bbox 399 3237 547 3305; x_wconf 87' lang='lat' dir='ltr'><strong>apud</strong></span> <span class='ocrx_word' id='word_1_281' title='bbox 592 3238 836 3289; x_wconf 86' lang='lat' dir='ltr'><strong>summos</strong></span> <span class='ocrx_word' id='word_1_282' title='bbox 880 3246 989 3289; x_wconf 79' lang='lat' dir='ltr'><strong>tres</strong></span> <span class='ocrx_word' id='word_1_283' title='bbox 1022 3232 1362 3307; x_wconf 74' lang='lat' dir='ltr'><strong>magistratus</strong></span> <span class='ocrx_word' id='word_1_284' title='bbox 1407 3237 1763 3302; x_wconf 82' lang='lat' dir='ltr'><strong>instituenda,</strong></span> <span class='ocrx_word' id='word_1_285' title='bbox 1814 3235 1884 3287; x_wconf 87' lang='lat' dir='ltr'><strong>de</strong></span> 
     </span>
     <span class='ocr_line' id='line_1_38' title="bbox 172 3317 1878 3390; baseline 0 -23"><span class='ocrx_word' id='word_1_286' title='bbox 172 3317 370 3386; x_wconf 83' lang='lat' dir='ltr'><strong>quibus</strong></span> <span class='ocrx_word' id='word_1_287' title='bbox 404 3321 682 3372; x_wconf 84' lang='lat' dir='ltr'><strong>accusator</strong></span> <span class='ocrx_word' id='word_1_288' title='bbox 722 3329 776 3371; x_wconf 85' lang='lat' dir='ltr'><strong>et</strong></span> <span class='ocrx_word' id='word_1_289' title='bbox 808 3320 852 3372; x_wconf 86' lang='lat' dir='ltr'><strong>is</strong></span> <span class='ocrx_word' id='word_1_290' title='bbox 889 3320 981 3390; x_wconf 83' lang='lat' dir='ltr'><strong>qui</strong></span> <span class='ocrx_word' id='word_1_291' title='bbox 1017 3322 1171 3375; x_wconf 83' lang='lat' dir='ltr'><strong>litem</strong></span> <span class='ocrx_word' id='word_1_292' title='bbox 1215 3321 1450 3373; x_wconf 78' lang='lat' dir='ltr'><strong>intendit</strong></span> <span class='ocrx_word' id='word_1_293' title='bbox 1481 3321 1878 3379; x_wconf 61' lang='lat' dir='ltr'><strong>convenerintg</strong></span> 
     </span>
    </p>
   </div>
  </div>
 </body>
</html>
