2132 3652
9 1334 21 1353 ⁸¹:
0 1313 33 1327 -.
0 1210 23 1308 {tw
14 1184 16 1187 <

0 1488 10 1536 γι
0 1447 8 1480 ww
0 1429 4 1433 ,
0 1330 18 1417 1⁸:5⁷⁴*

0 1681 10 1734 ,νων
0 1615 12 1664 ζων
0 1578 9 1611 ³9„
0 1544 12 1563 ,v

17 1849 26 1859 ⁴
20 1782 34 1806 ,jc
18 1706 29 1709 1
24 1650 27 1655 w
21 1594 32 1604 ,i

0 2072 11 2146 ,μμ-«-
0 1990 10 2066 *vva-n
0 1958 9 1987 w

761 210 1144 270 LEGES
1218 210 1313 268 vt.
1766 209 1901 298 *545

176 342 501 413 vescentem
526 356 624 426 ‘qui
651 356 898 430 ipsorum
935 352 1207 408 curationi
1244 354 1515 407 commisti
1545 356 1701 421 sunt,
1737 373 1903 409 man-

174 442 399 497 data‘eis
422 443 612 496 dantes
647 440 959 511 inaequalia
992 449 1050 492 et
1086 449 1350 494 conantes
1381 457 1581 512 rapere
1602 450 1656 493 et
1683 439 1905 493 auferre

174 526 310 599 quid
353 525 606 598 agricolis
651 525 869 591 invitiS,
924 527 1050 601 et'aefi
1092 524 1224 596 quid
1259 524 1539 596 accipiunt
1585 525 1655 600 ab
1695 526 1772 578 eis
1810 526 1904 595 qui

173 611 508 666 adulationis
540 611 706 664 causa
742 610 1081 681 largiuntur,
1131 611 1225 665 vel
1261 611 1428 665 etiam
1465 609 1670 665 iudicia
1708 609 1904 664 iniuste

173 697 539 763 distribuunt,
579 694 990 750 adulationibus
1030 693 1313 760 cedentes,
1364 696 1588 769 probris
1633 704 1905 748 vexantur

173 791 292 835 tota
311 782 368 835 in
390 802 456 836 111·
462 782 543 846 be,
567 783 913 853 1Meliqua1um
939 799 1073 835 vero
1094 781 1327 835 iniuriat
1314 776 1433 836 um¹
1455 782 1904 854 quibuscumque

102 917 103 922 ,
173 867 423 922 afficiunt·
450 868 553 922 loci
578 867 811 951 incolae,
853 886 1048 920 earum
1073 885 1216 937 quae
1236 865 1451 919 minam
1476 885 1589 934 non
1618 866 1906 919 excedunt

175 953 322 1024 apud
348 952 471 1024 pagi
491 954 700 1006 incolas
725 963 779 1005 et
805 952 1020 1006 vicinos
1044 954 1194 1006 ultro
1219 964 1427 1024 poenas
1447 952 1759 1023 pendunto,
1786 970 1907 1005 ma-

173 1035 362 1091 iorum
391 1046 578 1091 autem
607 1037 946 1091 iniuriarum
987 1034 1245 1091 omnium
1273 1037 1367 1091 vel
1406 1036 1571 1090 etiam
1602 1036 1883 1091 minoium

177 1124 215 1176 fi
239 1123 525 1176 noluerint
553 1142 760 1195 poenas
802 1125 1016 1177 solvere
1045 1123 1329 1194 sperantes
1368 1121 1493 1176 fore
1516 1132 1583 1175 ut
1604 1123 1823 1191 lingulis
1849 1092 1909 1175 iri

178 1208 457 1262 mensibus
479 1208 540 1262 in
566 1209 732 1262 aliam
769 1208 1193 1281 semperlocum
1227 1208 1520 1279 migrando
1556 1228 1619 1262 ac
1643 1207 1906 1278 fugiendo
1939 1264 1941 1266 .

180 1293 495 1359 elabantur,
522 1293 592 1347 de
612 1293 697 1346 his
719 1294 874 1347 litem
896 1293 1169 1348 intendito
1190 1293 1250 1345 in
1276 1293 1672 1347 communibus
1694 1294 1910 1347 iudiciis

181 1378 283 1448 qui
312 1377 579 1432 iniuriam
614 1379 857 1452 accepit,
920 1388 975 1430 et
1003 1380 1043 1431 fi
1089 1396 1253 1432 reum
1292 1378 1604 1450 peregerit,
1668 1379 1908 1434 alterum

180 1472 406 1517 tantum
437 1463 645 1534 exigito
660 1464 731 1517 ab
766 1483 833 1517 eo
860 1463 959 1533 qui
983 1462 1126 1533 fugit
1145 1482 1247 1516 nec
1273 1465 1416 1516 ultro
1435 1483 1640 1535 poenas
1661 1464 1913 1541 pendeie
1985 1468 1993 1476 ‘

178 1548 379 1604 voluit.
440 1557 679 1602 utuntor
727 1557 918 1602 autem
960 1547 1240 1628 principes
1293 1557 1350 1602 et
1385 1548 1589 1619 agrarii
1628 1559 1911 1605 curatores

20 1659 29 1677 κ
69 1705 79 1716 .
114 1656 116 1658 ·
178 1634 321 1688 duos
334 1652 456 1706 per
485 1653 663 1687 annos
695 1634 803 1687 hac
839 1632 1019 1686 victus
1061 1635 1302 1688 ratione.
1362 1633 1612 1704 primum
1649 1635 1882 1689 videlice
1872 1646 1912 1689 t

181 1737 423 1790 quoque
428 1719 549 1771 loco
585 1720 747 1776 sunto
780 1718 1038 1772 convivia
1070 1716 1364 1794 publica,
1347 1738 1407 1771 111
1432 1717 1634 1789 quibus
1663 1737 1913 1775 commu-

179 1803 332 1857 niter
358 1821 554 1874 omnes
587 1803 798 1856 victum
830 1802 1100 1867 habeaut3
1134 1800 1231 1871 qui
1268 1820 1302 1853 a
1339 1802 1595 1856 sodalitio
1641 1804 1785 1859 abest
1822 1807 1915 1859 vel

179 1907 365 1942 unum
408 1889 749 1971 quicumque
785 1889 858 1939 est
896 1888 1043 1939 diem
1083 1897 1183 1938 aut
1218 1895 1439 1940 noctem
1476 1889 1718 1949 seorsum
1746 1890 1917 1943 cubat

180 1992 367 2043 neque
402 1973 755 2046 principibus
801 1971 1124 2025 iubentibus
1163 1988 1343 2042 neque
1378 1973 1692 2026 necestitate
1712 1975 1914 2047 aliqua

178 2060 481 2130 ingruente
519 2061 555 2110 fi
590 2058 837 2128 quinque
873 2057 954 2110 illi
990 2077 1119 2110 eum
1156 2057 1407 2110 indicant
1437 2067 1498 2110 ‘et
1540 2062 1914 2129 confignatum

182 2153 515 2217 proponunt
551 2144 614 2196 iu
653 2142 778 2196 soro
814 2144 958 2213 quod
999 2143 1298 2196 custodiam
1328 2140 1661 2209 deserueriss'
1689 2154 1742 2197 et
1775 2165 1917 2218 pro-
1966 2187 1972 2191 -

184 2230 354 2284 hrum
387 2228 696 2282 obiectator
734 2237 1019 2297 tamquam
1061 2227 1156 2297 qui
1189 2228 1468 2282 'civitatem
1494 2247 1599 2299 pro
1627 2230 1723 2282 sua
1756 2243 1915 2303 parte

183 2315 516 2389 prodiderit,
543 2322 600 2365 et
635 2312 967 2365 verberibus
990 2313 1273 2384 castigator
1296 2333 1328 2366 a
1355 2313 1601 2385 quolibet
1620 2326 1916 2370 occurente

187 2409 243 2451 et
264 2399 525 2469 castigare
556 2399 777 2452 volente
803 2399 1052 2469 impune.
1090 2398 1413 2471 principum
1438 2398 1689 2470 ipsorum
1716 2401 1755 2452 fi
1790 2401 1915 2470 quis

186 2486 295 2537 tale
323 2484 459 2555 quid
500 2483 804 2537 committit
834 2482 965 2555 ipse,
1006 2502 1207 2536 curare
1237 2484 1295 2537 id
1318 2494 1543 2558 oportet
1566 2503 1761 2537 omnes
1782 2487 1917 2540 sex..

184 2570 375 2640 aginta
399 2570 567 2637 viros,
605 2579 661 2621 et
684 2569 780 2639 qui
803 2568 1205 2623 animadvertit
1237 2579 1290 2622 et
1318 2569 1591 2642 comperit
1618 2588 1719 2622 nec
1745 2589 1916 2623 accu-

186 2654 286 2720 sat,
312 2654 523 2709 eisdem
552 2664 769 2708 tenetor
793 2654 1008 2725 legibus
1033 2666 1088 2708 et
1105 2655 1312 2709 maiore
1339 2673 1508 2726 quam
1532 2653 1761 2708 iuvenes
1783 2674 1914 2726 poc-

188 2756 266 2791 na
286 2740 603 2801 mulctator,
642 2740 719 2794 ita
743 2749 806 2792 ut
831 2739 891 2792 in
917 2739 1176 2794 omnibus
1211 2740 1487 2793 iuvenum
1511 2740 1915 2810 magistratibus

189 2821 497 2877 reiiciatur.
533 2825 735 2881 horum
765 2835 951 2880 autem
982 2826 1358 2897 speculatores
1393 2825 1778 2894 exacti-legum
1811 2842 1918 2875 cu-

191 2906 367 2960 stodes
391 2908 552 2961 sunto
575 2920 638 2963 ut
661 2912 895 2965 omnino
917 2931 1035 2964 11011
1056 2909 1195 2966 fiant
1217 2921 1289 2973 et,
1327 2913 1365 2964 fi
1399 2910 1555 2974 fiant,
1593 2910 1758 2980 digno
1789 2907 1918 2961 asti-

195 2990 414 3045 ciantur
432 2992 719 3064 supplicio.
758 3007 987 3079 oportet
1000 3000 1188 3052 autem
1227 3014 1503 3067 quemque
1546 2994 1737 3046 virum
1762 2993 1919 3064 cogi-

193 3087 317 3129 tate
340 3076 410 3129 de
443 3077 701 3132 omnibus
725 3080 1066 3149 110111111111113,
1108 3101 1238 3137 eum
1266 3081 1361 3151 qui
1387 3097 1498 3132 non
1527 3078 1779 3150 patuerit
1815 3097 1919 3130 uec

195 3160 604 3233 imperaturum
650 3168 753 3218 este
787 3165 866 3217 ita
906 3175 966 3218 ut
1013 3167 1182 3220 laude
1227 3168 1425 3237 diguus
1457 3168 1549 3233 fit,
1599 3174 1654 3215 et
1691 3163 1918 3235 gloriari

198 3256 415 3318 oportet
450 3248 624 3317 magis
666 3250 727 3302 in
764 3269 830 3301 eo
875 3250 1024 3319 quod
1065 3253 1203 3305 bene
1238 3249 1518 3324 paruerit,
1556 3267 1722 3318 quam
1763 3250 1823 3302 111
1855 3269 1917 3300 co

198 3333 348 3403 quod
373 3331 512 3386 benc
536 3335 912 3407 imperaverit,
927 3335 1186 3409 ,primum
1222 3334 1446 3406 quidem
1470 3332 1697 3404 legibu8‚
1723 3332 1920 3402 quibus
