2176 3672
719 188 767 247 ι
799 187 1027 247 ΕΌΕ
1060 189 1102 248 s
1175 187 1270 247 111.
1315 190 1319 194 ·
1777 193 1881 266 169

156 352 340 407 neque
380 343 618 389 naturae
667 331 1093 401 convenienter,
1139 341 1309 407 atque
1341 332 1514 389 etiam
1546 332 1610 388 in
1646 335 1876 409 reliquis

153 419 412 475 omnibus
441 437 638 474 omnes
663 419 733 473 de
759 419 956 491 quibus
980 419 1062 474 ita
1080 419 1344 477 iudicent.
1391 409 1395 419 ¹

290 549 406 606 Me.
457 544 606 600 Dicis
639 556 829 599 autem
873 545 1186 619 quidnam?
1235 558 1289 603 et
1324 548 1591 621 quorsum
1627 546 1879 604 maxime

149 634 398 708 spectare
423 631 521 687 tibi
548 632 795 686 dicamus
822 633 964 687 hanc
991 634 1302 689 orationem
1319 635 1346 688 ’ἶ

291 761 425 816 Ath.
479 761 530 814 O
562 759 740 826 bone,
784 752 882 814 me
907 760 1020 835 ipse
1045 781 1196 816 nunc
1228 762 1425 830 dei-ili?
1456 760 1701 818 intuenti
1725 759 1879 816 enim

148 848 288 905 mihi
312 849 466 902 hune
489 847 798 900 exercitum
829 848 898 900 de
916 866 1029 919 quo
1043 850 1256 920 agimus
1271 847 1420 900 visus
1447 849 1521 900 est
1536 847 1743 920 oppido
1761 847 1880 920 pul-

150 936 284 989 cher
313 938 443 999 effe,
484 944 538 985 et
562 933 950 986 admirabilem
977 953 1096 987 rem
1129 944 1392 988 nacturos
1425 931 1582 986 fuisse
1611 932 1880 1000 GraecOS,

147 1021 205 1076 id
231 1020 375 1092 quod
401 1019 539 1084 dixi,
574 1021 609 1072 fi
639 1020 763 1090 quis
789 1039 854 1072 eo
878 1030 997 1073 tum
1020 1029 1171 1074 recte
1197 1021 1327 1073 usus
1349 1018 1545 1073 fuiffet.

290 1155 400 1203 Me.
454 1146 657 1201 Nonne
691 1145 834 1198 bene
868 1156 922 1201 et
957 1146 1270 1220 prudenter
1297 1144 1365 1202 tu¹
1398 1142 1587 1200 omnia
1610 1141 1794 1198 dixisti
1823 1152 1881 1199 et

148 1255 250 1291 nos
274 1230 682 1309 probavimus?

290 1361 424 1417 Ath.
475 1359 750 1425 Fortaffe3
801 1357 984 1428 cogito
1023 1368 1213 1412 tamen
1252 1356 1585 1429 quemlibet,
1623 1353 1880 1428 quima-

144 1467 319 1521 gnum
338 1445 602 1517 quiddam
622 1444 822 1497 viderit
844 1445 1133 1512 multaque
1154 1445 1213 1499 vi
1228 1464 1290 1498 ac
1305 1445 1508 1498 robore
1533 1444 1875 1517 praeditum,

143 1533 319 1589 statim
357 1533 440 1586 ita.
471 1530 613 1584 affici
650 1540 713 1582 ut
750 1530 925 1595 dicat,
962 1532 998 1583 s1
1022 1530 1184 1584 sciret
1209 1535 1472 1605 posseffor
1491 1530 1588 1583 tali
1614 1539 1882 1603 tantoque

142 1620 290 1672 bono
317 1617 419 1684 uti,
438 1615 789 1669 admirabilia
816 1625 871 1671 et
891 1617 1068 1671 multa
1101 1636 1230 1671 eum
1262 1616 1595 1671 effecturum
1618 1620 1722 1671 esse
1750 1616 1876 1672 bea-

142 1714 376 1775 tumque
398 1701 537 1755 fore.

288 1829 396 1887 Me.
434 1828 635 1883 Nonne
669 1826 778 1881 hoc
813 1845 1036 1899 quoque
1058 1830 1315 1883 rectum?
1350 1849 1424 1884 an
1449 1829 1732 1902 quomodo
1758 1830 1877 1885 ais?

285 1954 422 2017 Ath.
468 1954 611 2010 Vide
653 1953 787 2007 dum
825 1956 1086 2024 quorsum
1131 1955 1381 2025 spectans
1419 1955 1465 2009 is
1502 1957 1599 2027 qui
1632 1957 1781 2011 hano
1808 1958 1880 2012 de

145 2054 387 2114 utroque
426 2041 649 2095 laudem
688 2038 937 2111 proferat
972 2050 1122 2093 recte
1161 2040 1342 2108 dic-at3
1385 2041 1633 2113 primum
1665 2043 1735 2096 de
1769 2064 1880 2116 quo
1917 2059 1926 2069 ’

145 2149 296 2184 nunc
325 2128 560 2199 agimuS,
599 2125 906 2196 quomodO,
949 2125 1107 2177 firite
1137 2126 1412 2180 scivissent
1426 2128 1689 2180 ordinare
1713 2147 1880 2182 exer-

146 2216 318 2271 citum
347 2213 585 2284 quitum
616 2210 884 2283 praefecti
911 2210 1163 2275 fuerunt,
1198 2213 1676 2284 opportunitatem
1706 2217 1878 2268 eflent

143 2302 330 2365 nacti?
367 2317 553 2352 nonne
580 2299 615 2350 fi
637 2296 1023 2350 constituiffent
1049 2315 1178 2349 eum
1202 2307 1326 2350 tuto
1354 2308 1409 2350 et
1433 2297 1494 2352 in
1529 2318 1698 2351 omne
1726 2312 1879 2353 tem-

143 2407 251 2462 pus
281 2386 684 2440 conservassent
709 2382 787 2435 ita
811 2391 873 2434 ut
893 2381 990 2454 ipfi
1016 2391 1072 2435 et
1098 2382 1257 2437 liberi
1278 2387 1452 2438 essent
1480 2393 1535 2437 et
1559 2384 1722 2438 duces
1745 2385 1878 2439 alio-

144 2491 273 2527 rum
293 2486 785 2541 quorumcumque
811 2469 1038 2534 vellent,
1071 2468 1419 2539 omninoque
1441 2470 1594 2542 apud
1622 2469 1877 2524 homines

148 2576 340 2612 omnes
378 2565 490 2610 tam
536 2555 780 2609 Graecos
823 2572 993 2624 quam
1026 2552 1293 2607 barbaros
1327 2553 1580 2608 facerent
1616 2556 1876 2627 quicquid

149 2651 418 2712 cuperent
451 2650 504 2694 et
530 2639 624 2712 ipfi
654 2650 709 2693 et
736 2638 972 2712 posteri?
1009 2658 1198 2694 nonne
1229 2640 1377 2695 hanc
1401 2639 1474 2694 ob
1501 2641 1725 2695 causam
1748 2642 1880 2696 lau-

152 2722 278 2778 dem
301 2724 454 2779 illam
476 2726 814 2798 proferant?

289 2849 399 2904 Me.
435 2848 577 2907 Sane
597 2855 838 2923 quidem.

294 2973 432 3032 Aah.
474 2975 673 3031 Nonne
711 2978 875 3034 etiam
909 2980 1004 3051 qui
1038 2980 1256 3036 divitias
1277 2999 1504 3052 magnas
1526 2979 1874 3051 honoresque

156 3057 387 3127 inlignes
411 3060 628 3127 generis
653 3064 740 3116 vel
768 3065 917 3118 aliud
939 3066 1075 3136 quid
1107 3067 1217 3120 tale
1243 3068 1492 3138 spectans
1515 3065 1711 3118 eadem
1734 3065 1875 3119 haee

157 3142 374 3204 dixerit,
412 3142 523 3195 huc
548 3146 795 3213 spectans
822 3149 1048 3217 dixerit,
1080 3152 1226 3223 quod
1259 3169 1361 3222 per
1387 3151 1477 3203 illa
1494 3151 1546 3201 se
1573 3158 1874 3204 nacturum

157 3231 261 3280 esse
299 3235 632 3341 putetqquae
664 3230 846 3302 cupiat
871 3233 1059 3289 omnia
1098 3237 1191 3291 vel
1228 3237 1474 3308 plurima
1513 3237 1872 3309 maximeque

156 3312 443 3384 conspicua
469 3351 482 3364 .
