2176 3672
752 171 1135 248 LEGES
1205 193 1299 247 111.
1695 180 1697 187 ’
1800 195 1981 253 165‘

316 333 426 389 Me.
462 332 588 388 Non
618 331 747 386 fane
762 332 925 387 facile
946 335 1019 386 est
1045 332 1195 403 quod
1219 332 1541 406 interrogas.

310 473 452 531 Aah.
489 474 564 530 At
610 483 836 546 oportet
871 495 974 530 nos
1010 475 1237 547 quidem
1264 477 1370 533 hoc
1391 494 1546 529 nuuc
1574 485 1906 546 quaerentes

173 569 235 614 et
250 559 604 631 explorantes
619 560 687 612 de
702 560 913 632 legibus
926 581 1028 634 per
1042 561 1238 619 ludum
1263 562 1505 616 senilem
1517 571 1573 615 et
1595 561 1906 617 modestum

167 644 275 700 iter
297 644 572 699 conficere
598 647 710 699 fine
734 647 995 716 molestia,
1034 658 1099 703 ut
1122 647 1389 716 diximus,
1425 666 1605 720 quum
1627 646 1905 721 incipere-

167 750 298 788 mus
321 730 608 806 proficisci.

310 880 421 934 Me.
463 873 721 950 Quidni?
758 895 823 930 ac
850 873 1176 929 faciundum
1200 874 1424 946 quidem
1453 884 1517 927 ut
1540 875 1691 933 dicis.

307 1019 446 1072 Ath.
483 1017 634 1072 Num
667 1017 835 1090 igitur
865 1016 1238 1090 pulchriorem
1281 1018 1350 1071 de
1383 1015 1594 1088 legibus
1629 1020 1903 1089 quaestio-

165 1123 295 1158 nem
321 1104 606 1157 instituere
636 1101 900 1175 poffimus
930 1122 1095 1173 quam
1129 1103 1200 1155 de
1226 1102 1314 1157 his
1343 1122 1484 1175 quae
1508 1103 1760 1157 civitates
1782 1106 1901 1159 illas

165 1189 225 1241 in
273 1188 527 1242 ordinem
568 1189 973 1242 adduxerunt?
1008 1207 1080 1241 an
1110 1187 1181 1240 de
1221 1188 1555 1258 quibusnam
1591 1186 1899 1243 civitatibus

162 1273 487 1329 clarioribus
514 1273 933 1345 maioribusque
962 1274 1331 1345 quaestionem
1359 1271 1624 1345 possimus
1651 1273 1898 1330 habere?

302 1401 418 1457 Me.
454 1400 579 1456 Non
603 1401 768 1457 facile
793 1420 898 1475 pro
926 1401 1014 1456 his
1040 1401 1173 1455 alias
1195 1400 1403 1455 dicere.

298 1527 440 1589 Aelu
475 1526 838 1600 Perspicuum
864 1527 1035 1598 igitur
1059 1527 1180 1581 fere
1210 1530 1312 1588 est.
1352 1527 1607 1599 cogitass'e
1631 1527 1755 1582 illos
1788 1549 1898 1603 ap-

157 1625 416 1689 paratum
448 1613 605 1666 illum
638 1632 750 1664 non
776 1613 1157 1684 Peloponneso
1182 1623 1401 1666 tantum
1433 1614 1559 1667 satis
1586 1614 1710 1667 fore
1734 1616 1895 1669 auxi-

156 1703 267 1765 lio,
307 1699 396 1751 sed
432 1698 601 1750 etiam
631 1698 862 1751 Graecis
883 1699 1166 1766 omnibus,
1206 1700 1242 1752 fi
1270 1701 1390 1770 quis
1413 1699 1783 1753 barbarorum
1817 1701 1896 1755 eis

155 1787 421 1842 iniuriam
447 1781 697 1841 inferret,
719 1784 1195 1852 quemadmodum
1221 1785 1319 1854 qui
1346 1785 1555 1838 circum
1583 1785 1746 1839 Ilium
1769 1795 1895 1839 tum

155 1870 513 1931 habitabant,
551 1865 684 1919 freti
718 1868 1068 1938 Affyriorum
1097 1870 1352 1940 potentia
1377 1889 1479 1942 per
1497 1869 1707 1925 Ninum
1734 1888 1896 1924 com-

155 1966 351 2030 parata
371 1955 634 2008 audacter
658 1952 865 2005 bellum
889 1965 1319 2007 commoverunt
1340 1954 1601 2008 adversus
1627 1954 1892 2023 Troiam3

158 2053 283 2095 erat
318 2039 466 2094 enim
507 2038 769 2110 splendor
804 2038 1030 2110 imperii
1068 2039 1212 2092 illius
1249 2040 1384 2093 dum
1430 2040 1615 2093 adhuc
1654 2038 1893 2093 florebat:

154 2128 306 2182 haud
334 2125 596 2196 exiguus3
635 2133 688 2176 et
713 2124 1187 2194 quemadmodum
1213 2144 1310 2178 nos
1334 2143 1487 2178 nunc
1513 2143 1781 2196 magnum
1804 2142 1892 2178 re·

152 2233 278 2286 gem
311 2212 572 2264 timemus
591 2248 606 2275 ‚
644 2209 719 2261 ita
742 2209 908 2261 etiam
937 2220 1070 2263 tunc
1097 2210 1247 2264 illius
1276 2211 1470 2264 aetatis
1493 2210 1751 2264 homines
1777 2228 1888 2282 po·-

154 2300 401 2353 testatem
429 2296 582 2350 illam
614 2294 967 2348 coniunctam
988 2294 1465 2362 reformidabant3
1501 2314 1708 2367 magno
1734 2295 1887 2349 enim

155 2384 235 2437 eis
265 2381 486 2436 crimini
516 2390 636 2434 erat
660 2381 896 2433 secunda
913 2381 1118 2435 Troiae
1142 2382 1511 2453 expugnatio3
1538 2380 1764 2454 imperii
1790 2382 1887 2435 vi-

153 2470 353 2524 delicet
378 2468 605 2522 illorum
640 2486 764 2540 pars
796 2477 932 2520 erat.
976 2477 1205 2539 propter
1225 2467 1364 2521 haec
1390 2466 1581 2521 omnia
1606 2466 1884 2520 exercitus

152 2555 301 2609 illius
334 2563 636 2626 apparatus
667 2572 815 2606 unus
839 2553 896 2606 in
928 2554 1024 2606 tris
1051 2562 1174 2607 tum
1208 2553 1456 2607 civitates
1491 2553 1826 2606 distributus
1849 2572 1884 2606 a

152 2641 373 2712 regibus
397 2639 680 2700 fratribus,
703 2639 957 2693 Herculis
978 2639 1129 2699 filiis,
1159 2640 1447 2711 praeclare
1471 2638 1771 2692 videbatur
1787 2639 1882 2691 in·-

154 2734 357 2777 ventus
385 2734 440 2777 et
460 2724 752 2798 dispositus
772 2730 875 2779 esse
900 2725 1078 2777 multo
1102 2724 1275 2795 magis
1289 2724 1514 2796 quamis
1539 2724 1634 2794 qui
1649 2725 1880 2779 Troiam

155 2808 457 2861 invaserat.
528 2811 779 2882 primum
809 2808 958 2863 enim
984 2809 1300 2863 Heraclidas
1323 2809 1600 2883 Pelopidis
1624 2809 1879 2862 meliores

159 2889 568 2947 arbitrabantur
610 2897 664 2948 se
706 2897 940 2950 ducibus
980 2896 1147 2948 duces
1183 2895 1419 2962 habere,
1469 2894 1672 2948 deinde
1706 2894 1878 2946 etiam

162 2974 472 3028 exercitum
509 2977 659 3031 hunc
694 2980 774 3034 illi
812 2982 1042 3035 Troiam
1085 2982 1279 3034 adorto
1317 2983 1592 3053 praestare
1624 2978 1872 3038 virtute;

157 3058 348 3112 vicisse
377 3060 524 3113 enim
551 3062 672 3128 hos,
708 3067 991 3136 superatos
1019 3086 1151 3121 vero
1182 3071 1285 3120 esse
1318 3069 1387 3119 ab
1414 3067 1499 3119 his
1524 3065 1664 3130 illos,
1701 3062 1878 3118 Achi-

157 3164 260 3195 vos
280 3163 309 3196 a
327 3142 580 3197 Doribus.
619 3165 802 3200 nonne
821 3149 898 3222 ita
913 3154 1199 3210 censemus
1220 3151 1389 3205 ethac
1404 3149 1740 3222 cogitatione
1750 3149 1877 3203 illos

156 3230 424 3282 adductos
452 3229 558 3281 sese
586 3231 911 3287 armaviss'e?
