2210 3672
773 193 1282 281 Lsscsssn
1821 235 1892 308 Q

160 370 452 429 dicamus?
489 387 558 424 an
589 369 675 433 de,
697 367 804 422 hoc
842 369 919 423 ita
955 365 1277 441 interrogati
1304 366 1611 424 dixerimus
1651 372 1735 427 Ex
1774 394 1886 432 uno

159 457 386 531 quidem
402 456 603 528 exigua
618 455 890 525 quaedam
909 474 939 507 u
951 453 1115 508 tilitas
1138 455 1351 508 civitati
1368 454 1609 525 accedet,
1626 458 1662 510 fi
1675 476 1807 512 vero
1820 463 1890 515 de

155 540 439 614 disciplina
455 540 804 594 excultorum
824 538 1136 612 interrogas
1159 539 1292 611 quid
1319 539 1504 613 magni
1528 540 1738 597 civitati
1754 564 1892 600 con-

157 627 334 696 ferat,
371 646 488 681 non
522 627 595 679 est
625 624 847 680 difficile
880 626 1029 680 dictu
1048 665 1063 692 ‚
1104 634 1259 679 recte
1288 626 1688 683 excultosfieri
1716 627 1889 684 bonos

157 714 330 781 viros,
367 714 500 767 tales
524 722 711 766 autem
739 711 962 765 effectos
997 730 1170 781 quum
1199 710 1307 763 alia
1342 721 1490 765 recte
1522 713 1890 783 perfecturos,

158 810 277 854 tum
319 799 483 853 etiam
524 799 828 871 pugnando
867 795 1043 853 hostes
1078 797 1438 868 superaturos
1473 801 1592 851 effe.
1665 820 1891 856 morum

158 885 336 958 igitur
359 886 535 939 cultus
565 883 729 936 affert
757 884 925 938 etiam
965 882 1271 944 victoriam,
1310 879 1544 933 victoria
1566 894 1755 940 autem
1784 878 1894 941 ali-

158 969 384 1043 quando
410 970 615 1040 ingenii
644 968 957 1034 incultum3
1006 966 1167 1021 multi
1200 965 1351 1018 enim
1393 965 1466 1017 ob
1499 965 1777 1025 bellorum
1804 973 1893 1026 vi..

160 1055 364 1111 ctorias
384 1053 772 1109 insolentiores
790 1051 988 1107 redditi
1006 1050 1226 1104 infinita
1249 1049 1357 1104 alia
1383 1051 1531 1105 mala
1555 1071 1624 1107 ex
1645 1053 1894 1111 insolen-

164 1142 244 1197 tia
271 1147 701 1199 contraxerunt3
741 1146 797 1190 et
823 1137 1004 1191 cultus
1027 1137 1251 1207 quidem
1276 1154 1589 1207 numquam
1611 1140 1893 1197 Cadmeas

163 1225 291 1288 fuit,
331 1224 599 1279 victoriae
624 1232 814 1276 autem
842 1221 1158 1276 hominibus
1184 1223 1393 1277 multae
1422 1224 1555 1277 tales
1581 1235 1637 1279 et
1661 1225 1896 1286 fuerunt

165 1302 223 1367 et
243 1310 468 1366 futurae
497 1309 634 1362 sunt.
1714 1302 1737 1307 '⁴

304 1408 386 1465 Cl.
423 1405 641 1464 Videris
666 1406 838 1473 nobis,
875 1408 1072 1470 amice,
1114 1405 1314 1476 dicere,
1355 1410 1786 1484 compotationis
1811 1414 1893 1468 so-

161 1498 358 1552 cietate
383 1512 642 1566 magnam
667 1503 883 1566 partem
917 1492 1190 1546 contineri
1214 1514 1440 1550 morum
1470 1495 1701 1565 cultum,
1741 1509 1895 1555 recte

159 1585 197 1638 fi
218 1578 547 1638 instituatur.

300 1680 435 1741 Αιιι.
475 1678 734 1754 Quidni?

307 1780 394 1838 Gl.
430 1781 672 1835 Potesne
701 1779 965 1851 deinceps
992 1778 1201 1847 dicere,
1240 1798 1442 1835 verum
1472 1751 1577 1836 efl’e
1614 1782 1723 1837 hoc
1742 1785 1894 1856 quod

162 1887 316 1924 nuno
338 1868 552 1922 dictum
576 1865 692 1919 est?

303 1965 439 2023 Ath.
477 1963 789 2022 Veritatem
820 1964 1070 2036 quidem,
1109 1982 1142 2016 o
1171 1963 1387 2036 hospes,
1417 1964 1718 2032 affirmare,
1754 1966 1897 2021 haec

163 2055 244 2108 ita
265 2054 321 2106 se
342 2051 567 2117 habere,
606 2051 802 2104 multis
833 2048 1246 2119 ambigentibus
1258 2087 1272 2112 ‚
1311 2048 1402 2100 ‚dei
1429 2046 1630 2118 fuerit,
1667 2053 1703 2105 fi
1736 2069 1895 2112 vero,
1928 2114 1931 2117 v

165 2137 450 2211 quomodo
485 2134 625 2188 mihi
663 2133 949 2200 videatur,
989 2133 1093 2188 dici
1139 2140 1378 2205 oportet,
1418 2132 1565 2187 haud
1603 2134 1898 2205 gravabor,

164 2220 624 2296 quandoquidem
666 2221 736 2273 de
768 2218 981 2288 legibus
1020 2227 1075 2270 et
1115 2237 1180 2270 re
1212 2216 1437 2288 publica
1463 2218 1899 2290 disputationem

165 2326 318 2363 nunc
340 2305 693 2359 instituimus·

309 2406 388 2462 CI.
428 2405 549 2459 Hoc
578 2403 760 2477 ipsum
790 2403 902 2457 iam
928 2421 1227 2463 conemur,
1268 2401 1602 2457 sententiam
1648 2411 1806 2457 tuam
1830 2401 1901 2456 de

164 2491 250 2548 his
279 2509 421 2563 quae
455 2508 608 2544 nunc
629 2489 692 2543 in
718 2490 1148 2543 controverfiam
1168 2497 1444 2542 vocantur
1469 2488 1775 2562 percipere.

311 2589 443 2647 Aah.
482 2589 630 2646 Sane
653 2589 732 2642 ita
758 2587 1077 2643 faciendum
1107 2587 1208 2648 est,
1256 2596 1323 2640 ut
1355 2606 1454 2642 vos
1478 2587 1547 2642 ad
1578 2587 1900 2660 percipien-

169 2675 307 2731 dum
339 2687 395 2731 et
410 2693 509 2747 ego
537 2676 603 2728 ad
622 2674 1021 2729 declarandum
1050 2680 1319 2727 conemur
1341 2674 1500 2730 omni
1520 2675 1690 2728 modo
1712 2673 1899 2728 inten-

170 2760 306 2816 dere
330 2762 663 2816 orationem.
735 2760 988 2835 primum
1023 2777 1158 2812 vero
1192 2758 1297 2812 hoc
1322 2778 1391 2812 ex
1419 2778 1510 2815 me
1534 2758 1760 2813 audite:
1799 2779 1901 2813 ur-

170 2845 300 2902 bem
321 2847 578 2902 ·nostram
613 2865 806 2901 omnes
845 2844 1047 2901 Graeci
1067 2843 1289 2899 dicendi
1315 2856 1601 2899 amantem
1625 2854 1680 2899 et
1707 2846 1903 2916 loqua-

175 2927 295 2983 cem
317 2931 633 2986 existimant
650 2969 664 2993 ,
702 2932 1180 2986 Lacedaemonem
1205 2948 1342 2984 vero
1370 2940 1425 2983 et
1447 2930 1671 2986 Cretam
1690 2972 1704 2995 ‚
1745 2930 1898 2984 illam

111 3016 114 3019 ⁴
176 3014 678 3086 breviloquentem,
713 3017 861 3081 hanc
884 3015 1282 3088 intelligentiae
1307 3016 1481 3088 magis
1505 3034 1675 3086 quam
1705 3018 1904 3087 loqua-

176 3099 329 3154 citati
355 3099 676 3156 studentem.
715 3121 918 3158 vereor
938 3102 1195 3175 igiturne
1221 3101 1543 3174 opinionem
1572 3100 1731 3178 vobis
1746 3118 1903 3173 prae-

176 3187 342 3239 beam
371 3183 440 3237 de
468 3201 525 3236 re
539 3184 755 3240 minuta
778 3188 955 3241 multa
980 3206 1071 3240 me
1095 3186 1301 3251 dicere,
1318 3188 1351 3240 s1
1376 3188 1443 3240 de
1470 3185 1749 3250 ebrietate,
1775 3185 1904 3237 exi-

178 3289 402 3343 guare,
441 3270 764 3341 perlongum
805 3272 1112 3327 orationem
1157 3270 1491 3349 &spi-imam.
1566 3270 1727 3323 causa
1769 3287 1901 3322 vero

181 3356 315 3408 haec
342 3357 429 3413 est,
468 3354 615 3421 quod
660 3355 929 3409 naturalis
965 3356 1080 3409 eius
1119 3355 1428 3410 constitutio
1456 3358 1566 3409 fine.
1598 3364 1743 3407 recta
1774 3370 1903 3405 rnu-

259 3442 412 3496 '1'‹›m.
462 3439 559 3493 Vl.
1516 3440 1563 3487 D
