2176 3672
733 195 1251 253 Lsscsssin
1753 216 1851 276 ιη

97 340 464 415 anteponit,
498 341 663 396 velut
687 337 1002 396 maximum
1025 337 1171 408 quod
1194 336 1431 410 largitur
1453 337 1686 409 bonum,
1701 346 1850 414 quod

124 437 311 482 tamen
347 425 404 479 in
443 426 641 498 vulgus
685 424 850 480 edere
886 433 1147 490 cunctor,
1186 424 1316 496 quia
1337 423 1596 481 homines
1620 426 1677 481 id
1706 430 1852 483 male

122 510 405 583 accipiunt
430 521 489 564 et
507 511 836 583 intelligunt.

266 635 350 692 cz.
375 608 570 711 Quale
592 636 727 691 istud
743 636 771 690 ‘c'

259 762 401 821 Ath.
452 762 662 820 Fabula
692 761 964 836 quaedam
988 772 1041 818 et
1066 762 1215 818 fama
1240 759 1464 817 influxit
1487 761 1671 818 nescio
1700 783 1850 836 quo-

119 851 288 907 modo
306 891 322 912 ,
359 849 508 904 hunc
541 850 709 903 deum
732 869 763 902 a
792 869 1039 904 noverca
1069 851 1284 903 Iunone
1311 849 1379 901 de
1401 859 1588 902 mente
1618 859 1672 903 et
1699 849 1850 904 sani-

118 946 229 992 tate
253 935 608 990 deturbatum
634 934 806 998 suiffe,
827 943 1174 1007 quapropter
1189 933 1572 988 bacchationes
1589 954 1850 988 omnem-

120 1041 228 1095 que
263 1021 527 1076 furiosam
557 1018 848 1073 immiserit
881 1019 974 1073 ille
1005 1019 1266 1073 choream
1296 1016 1564 1072 iniuriam
1590 1011 1844 1082 ulturu83

121 1109 273 1162 unde
310 1108 476 1160 etiam
524 1103 718 1157 vinum
751 1105 896 1156 ha'nc
932 1103 1104 1176 ipsam
1144 1100 1215 1157 ob
1251 1105 1469 1158 causam
1511 1102 1740 1175 largitus
1765 1105 1847 1158 fit.

125 1202 179 1245 et
211 1209 312 1262 ego
354 1190 579 1260 quidem
621 1190 759 1242 haec
799 1190 873 1241 eis
914 1189 1005 1259 qui
1033 1198 1218 1243 tutum
1248 1199 1451 1262 putant
1471 1190 1575 1243 effe
1599 1188 1753 1259 loqui
1777 1189 1847 1242 de

124 1276 230 1331 diis
259 1275 526 1349 permitto
550 1273 763 1338 dicere,
803 1274 858 1327 id
887 1285 1075 1328 autem
1103 1273 1213 1327 scio
1237 1275 1453 1327 nullum
1482 1275 1691 1329 animal
1715 1279 1850 1328 um-

122 1381 290 1436 quam
352 1361 500 1414 nasci
548 1361 715 1414 talem
763 1366 1092 1430 tantamque
1137 1358 1566 1431 intelligentiam
1617 1359 1845 1427 habene,

40 1480 42 1483 >
116 1456 387 1519 quantam
431 1445 480 1498 ei
519 1444 814 1498 conveniat
848 1443 1054 1497 habere
1080 1452 1260 1497 aetate
1282 1444 1501 1512 adulta3
1543 1444 1651 1498 hoc
1675 1444 1847 1516 igitur

115 1542 368 1603 tempore
396 1548 506 1600 quo
534 1529 789 1582 nondum
812 1527 1097 1602 propriam
1125 1539 1351 1584 nactum
1378 1530 1447 1582 est
1462 1529 1841 1604 prudentiam,

115 1617 375 1689 quodque
409 1613 611 1668 insanit
647 1623 703 1667 et
727 1615 928 1667 clamat
966 1612 1363 1681 immoderate,
1401 1626 1483 1681 et,
1521 1617 1556 1667 fi
1585 1615 1708 1685 quis
1734 1635 1846 1668 ex-

113 1703 310 1768 sultat,
361 1702 543 1773 ipsum
578 1716 801 1771 quoque
828 1698 1111 1753 confestim
1138 1698 1511 1754 immoderate
1535 1701 1674 1757 salit.
1745 1717 1846 1754 re-
1938 1751 1948 1767 „

113 1788 413 1841 cordemur
450 1794 637 1838 autem
672 1782 911 1837 muficae
950 1793 1007 1838 et
1034 1787 1400 1856 gymnasticae
1423 1785 1556 1840 artis
1578 1786 1719 1841 haec
1741 1804 1844 1841 nos

117 1872 309 1926 dixiffe
335 1870 648 1944 primordia
671 1873 790 1924 esse.

266 1997 355 2051 Gl.
392 1996 807 2062 Recordemur3
847 1991 1095 2067 quidni?

252 2121 392 2181 Ath.
431 2122 632 2179 Nonne
659 2122 822 2175 etiam
848 2121 1069 2175 numeri
1099 2130 1153 2174 et
1175 2119 1500 2175 harmoniae
1513 2123 1726 2177 sensum
1741 2123 1844 2177 ho-

111 2208 353 2267 minibus
376 2208 536 2263 nobis
565 2209 797 2262 iniecisse
827 2207 933 2260 hoc
957 2206 1330 2281 primordium
1346 2209 1648 2282 posuimus,
1663 2209 1844 2281 Apol-

110 2294 286 2350 linem
336 2305 526 2347 autem
566 2306 621 2347 et
661 2295 845 2348 Musas
879 2300 932 2347 et
980 2292 1261 2348 Bacchum
1309 2294 1519 2348 horum
1557 2292 1841 2347 bonorum

111 2378 274 2436 fuisse
301 2389 554 2434 auctores
578 2379 605 2433 ’ἶ

260 2504 342 2561 CZ.
380 2502 601 2580 Quidni
617 2504 641 2564 ἓ

257 2629 394 2688 Ath.
441 2630 632 2704 Atque
669 2629 833 2687 etiam
874 2631 1107 2697 vinum,
1158 2638 1226 2686 ut
1255 2638 1440 2705 patet,
1486 2630 1837 2705 reliquorum

122 2714 323 2781 oratio,
358 2717 844 2781 utinsaniremus,
886 2719 1018 2772 dicit
1041 2717 1336 2772 hominum
1366 2717 1838 2773 vindicandorum

122 2801 280 2854 causa
299 2799 565 2854 tributum
595 2804 725 2869 esse,
776 2822 917 2871 quae
957 2823 1091 2856 vero
1129 2819 1281 2856 nunc
1320 2803 1653 2874 profertura
1679 2801 1838 2855 nobis

124 2894 315 2937 contra
341 2884 471 2939 dicit
491 2887 734 2940 medium
764 2890 865 2941 effe
891 2890 1098 2947 datum,
1139 2907 1250 2960 quo
1273 2888 1445 2941 animi
1477 2888 1748 2961 pudorem
1778 2895 1832 2938 et

123 2969 372 3040 corporis
396 2968 677 3024 sanitatem
708 2973 996 3049 roburque
1021 2971 1179 3026 nobis
1212 2991 1615 3046 compat-efflue.

267 3093 350 3147 Cl.
403 3093 808 3162 pulcherrime,
843 3097 1071 3170 hospes,
1108 3100 1421 3153 sermonem
1446 3098 1606 3152 nobis
1628 3097 1690 3152 in
1714 3114 1837 3151 me-

121 3179 361 3236 moriam
391 3175 670 3231 revocasti.

201 3302 396 3448 ΤΑιΙι.
420 3303 502 3444 Αἱ)
528 3303 756 3361 dimidia
773 3308 999 3378 quidem
1021 3311 1257 3366 choreae
1285 3328 1415 3383 pars
1437 3275 1684 3363 absoluta
1711 3309 1836 3370 esto,

251 3410 357 3444 om.
407 3394 452 3445 V
490 3425 503 3440 .
1079 3405 1081 3407 ’
1239 3401 1240 3404 ’
1469 3396 1493 3446 l
