2176 3672
739 185 1296 252 LEGESJH
1797 217 1897 270 ,Ἥ

167 346 222 393 et
241 333 536 410 imperate.
597 347 940 403 quamquam
959 326 1066 382 hoc
1109 329 1358 400 quidem,
1383 349 1415 383 o
1431 330 1671 387 Pindare
1690 337 1898 409 sapien

164 419 374 482 tiffime,
397 414 655 487 equidem
681 413 803 468 fere
830 433 944 468 non
973 413 1221 469 dixerim
1249 426 1475 488 praeter
1500 427 1759 479 naturam
1776 428 1897 488 effe,

165 505 256 558 red
286 512 519 557 naturae
534 499 804 554 conveni1
808 518 838 552 e
864 499 971 554 hoc
986 501 1154 573 legis
1137 520 1196 555 ιιι
1213 503 1597 598 voluntarioe'
1578 506 1895 580 imperium,

103 636 133 657 ,τ
163 606 279 670 uon
307 587 619 641 violentum
648 586 770 640 effe.

304 715 386 771 Gl.
422 708 740 769 Rectiffime
761 709 919 767 dicis.

220 816 224 818 >
302 843 439 900 Atlz.
504 841 624 897 Diis
670 859 845 914 porro
894 847 1157 935 gratum
1166 850 1223 895 et
1268 840 1626 906 fortunatum
1672 844 1896 922 aliquod

152 911 400 985 >dicentes
430 927 725 1001 septimum
753 921 1054 998 imperium
1083 924 1143 978 in
1172 926 1375 981 sortem
1403 917 1686 998 quandam
1713 935 1891 991 addu-

161 1018 356 1084 cimus,
395 1026 449 1069 et
482 1017 627 1067 sorte
651 1004 880 1065 ductuin
914 1010 1213 1080 imperare,
1251 1012 1411 1066 sortis
1440 1031 1577 1067 vero
1607 1029 1896 1091 expertem

162 1104 413 1158 discedm
416 1121 445 1154 e
470 1111 529 1155 et
550 1118 752 1200 parere
775 1096 1117 1180 iustissimum
1161 1099 1267 1150 effe
1290 1096 1546 1153 dicimus

303 1228 386 1283 CI.
421 1226 711 1282 Verissime
743 1221 895 1278 dicis

299 1357 435 1414 Aeli.
465 1354 657 1408 Viden’
688 1352 872 1423 igitur,
895 1350 1025 1420 legis
1050 1351 1198 1404 lator
1216 1351 1311 1417 (ita
1328 1348 1645 1409 dixerimus
1671 1371 1774 1430 pel
1804 1357 1897 1410 Iu—

160 1441 297 1495 dum
326 1440 492 1494 alicui
521 1458 618 1491 eoi
624 1457 717 1490 um
737 1436 831 1506 qui
861 1438 929 1489 ad
958 1435 1371 1505 legislationem
1387 1434 1562 1492 facile
1564 1443 1898 1525 aggiediun

158 1530 291 1594 tur)
331 1534 467 1595 quot
490 1525 591 1575 fint
622 1522 866 1575 rationes
892 1521 1208 1595 imperandi
1238 1521 1587 1595 palendique
1610 1537 1665 1581 et
1692 1538 1899 1582 natma

162 1613 313 1679 inter
342 1612 396 1663 se
434 1609 741 1684 contimias
767 1610 904 1661 esse?
940 1627 1094 1662 nune
1127 1607 1279 1662 enim
1312 1607 1653 1667 seditionum
1674 1611 1896 1684 fontem

155 1694 441 1768 aliquem
426 1685 767 1754 invenimus,
807 1693 876 1746 de
906 1712 1016 1763 quo
1049 1702 1267 1768 opoitet
1294 1703 1349 1746 te
1382 1712 1578 1748 curam
1606 1692 1892 1754 adhibere.

158 1802 223 1838 ac
245 1781 498 1857 primum
521 1778 749 1848 quidem
774 1775 1062 1831 nobiscum
1089 1778 1368 1846 considera
1390 1777 1683 1853 quomodo
1692 1784 1896 1855 etquid

156 1866 217 1921 in
251 1867 337 1920 his
364 1873 652 1938 peccantes
684 1847 967 1956 Argorum
993 1874 1047 1916 et
1073 1862 1341 1917 Messenes
1366 1883 1526 1936 leges
1551 1866 1728 1922 semet
1749 1867 1893 1941 ipsos

158 1950 432 2022 simulque
445 1946 790 2016 Graecorum
820 1967 857 2001 v
861 1947 937 2000 im
965 1948 1020 2000 id
1035 1948 1707 2021 temporisadmirandam
1726 1972 1896 2008 ever..

160 2038 351 2091 ierint.
388 2053 577 2088 nonne
607 2035 919 2106 ignorantes
947 2029 1242 2087 Hesiodum
1267 2032 1564 2087 1ectisfime
1581 2029 1775 2089 dicere
1803 2038 1896 2092 di-

158 2121 399 2178 midium
436 2120 653 2190 saepius
690 2120 814 2192 plus
852 2122 955 2172 effe
987 2137 1152 2188 quam
1186 2129 1397 2182 totum,
1418 2138 1613 2188 ,quum
1636 2119 1898 2186 videlicet

156 2219 343 2263 totum
368 2205 978 2279 sumereperniciosum
993 2207 1066 2269 fit,
1085 2203 1379 2258 dimidium
1399 2224 1536 2259 vero
1559 2206 1891 2275 modestum,

158 2304 284 2348 tum
314 2292 668 2362 moderatum
706 2285 1075 2359 immoderato
1114 2289 1244 2363 plus
1276 2287 1412 2357 effe,
1462 2287 1672 2364 quippe
1694 2293 1892 2352 melius

159 2378 450 2435 deteriore.

300 2504 500 2564 01.Αο
524 2504 817 2559 rectisfime
841 2502 1087 2576 quidem.

298 2633 431 2691 Ath.
483 2634 860 2688 Censemusne
897 2652 1037 2685 vero
1074 2630 1179 2685 hoc
1213 2629 1253 2680 fi
1286 2628 1385 2702 fiat
1417 2621 1654 2707 regibus
1660 2632 1893 2706 semper

166 2723 270 2775 esse
295 2720 451 2792 prius
472 2718 843 2793 perniciosum
866 2738 1033 2791 quam
1060 2697 1268 2791 populo
1288 2716 1316 2767 ‘3

304 2843 407 2899 Gt.
423 2845 890 2901 Consentaneum
900 2847 1129 2918 quidem
1155 2846 1309 2900 hunc
1331 2842 1643 2898 maximam
1669 2854 1891 2918 partem

164 2942 361 3001 regum
376 2932 483 2983 esse
497 2932 752 2986 morbum
766 2952 907 3006 prop
915 2943 999 2986 ter
1009 2932 1296 2987 luxuriam
1311 2930 1546 3003 superbe
1557 2929 1892 2989 viventium.

278 3035 449 3107 ἸἈεῙι.
485 3035 687 3110 Nonne
712 3046 1061 3132 perspicuum
1087 3046 1163 3112 cst·
1181 3059 1442 3133 primum
1463 3039 1620 3127 reges
1644 3052 1772 3109 illos
1799 3075 1889 3111 cu-

165 3139 397 3213 piditate
433 3140 695 3195 laborasse
719 3143 866 3214 leges
905 3147 1234 3199 auctoritate
1262 3141 1582 3217 superandi,
1614 3160 1718 3194 nec
1735 3143 1887 3216 quod

167 3224 355 3278 verbis
389 3232 442 3277 et
470 3224 828 3280 iureiurando
856 3231 1312 3299 comprobaniem,
1326 3229 1386 3281 in
1410 3248 1475 3280 eo
1502 3226 1647 3281 inter
1668 3228 1724 3282 se
1751 3247 1889 3282 con·

169 3310 411 3373 cinuiffe,
451 3310 538 3363 sed
565 3311 965 3381 dissensionem,
1000 3333 1160 3387 quam
1190 3334 1291 3369 nos
1322 3313 1557 3368 dicimus
1579 3313 1885 3368 maximam

1408 3401 1471 3451 M
1507 3409 1539 3454 2
