2144 3632
727 220 1133 283 2L13GES
1206 225 1297 283 vi.
1786 224 1895 302 595

306 370 428 431 Aeli
473 369 621 437 Iam,
682 369 716 423 fi
741 378 1009 441 potuer0,
1084 383 1228 437 quae
1265 367 1524 442 deinceps
1565 372 1894 442 sequuntur,

165 447 379 521 Clinia,
412 455 660 515 conabor
691 470 988 526 exponere.
1872 462 1875 468 '

307 541 390 598 ΟΖ.
427 540 534 594 Dic
568 539 722 593 dum.

143 630 155 638 “
305 626 438 684 Aeli.
479 624 656 681 Video
686 623 876 677 omnia
903 621 1222 685 hominibus
1249 641 1320 676 ex
1347 623 1565 697 triplice
1590 625 1897 698 indigentia

162 720 219 765 et
248 709 554 783 cupiditate
587 711 845 782 suspensa
869 710 999 775 effe,
1072 728 1103 762 e
1132 709 1336 780 quibus
1373 709 1412 762 fi
1448 718 1599 763 recte
1635 699 1896 766 hbmines

163 797 443 851 ducantur
471 797 676 861 virtuS,
715 797 791 848 fin
819 797 992 861 male,
1029 796 1373 854 contrarium
1401 796 1638 864 exsistat3
1681 797 1740 850 hi
1767 817 1896 851 vero

163 883 292 935 sunt
313 880 470 934 cibus
502 891 557 933 et
586 891 781 952 potus,
853 899 1093 951 quorum
1123 880 1374 935 omnium
1404 880 1666 951 quodque
1691 880 1898 937 animal

163 966 346 1020 statim
372 976 435 1018 ut
456 975 652 1019 natum
682 967 752 1019 est
776 984 1028 1019 amorem
1054 966 1265 1020 habens
1292 967 1510 1021 infitum
1533 966 1752 1020 stimulo
1771 987 1898 1021 con-

167 1053 372 1106 citatur
400 1071 504 1105 nec
531 1051 716 1104 obedit
741 1051 947 1104 dicenti
968 1052 1121 1105 aliud
1143 1051 1278 1122 quid
1305 1051 1584 1123 agendum
1607 1069 1774 1121 quam
1795 1071 1901 1104 vo-

165 1137 413 1208 luptates
451 1147 508 1189 et
544 1136 874 1208 cupiditates
899 1137 1108 1191 horum
1133 1137 1390 1191 omnium
1433 1137 1734 1207 explendas
1773 1158 1902 1192 om-

163 1241 408 1295 nemque
432 1222 738 1275 molestiam
765 1224 982 1295 semper
1005 1222 1404 1277 removendam
1433 1225 1567 1287 effe3
1606 1224 1769 1276 tertia
1792 1245 1902 1277 no-

163 1305 248 1360 bis
270 1317 328 1361 et
361 1308 608 1361 maxima
630 1308 936 1380 indigentia
967 1308 1352 1379 aceri-imaque
1377 1305 1649 1378 cupiditas
1681 1311 1904 1380 postre—

163 1411 260 1447 ma
283 1393 508 1464 quidem
537 1394 800 1464 erumpit,
839 1393 1036 1447 surore
1058 1402 1248 1446 autem
1276 1391 1536 1444 homines
1559 1393 1790 1451 omnino
1813 1392 1902 1447 ef·-

160 1475 279 1531 ficit
301 1478 399 1531 ard
409 1477 727 1540 entiffim03‚
765 1486 997 1550 propter
1017 1476 1234 1549 generis
1259 1475 1723 1549 propagationem
1741 1479 1905 1533 lasci·-

158 1562 254 1616 via
282 1562 530 1631 maxima
561 1563 820 1632 flagrans.
885 1581 1024 1632 quos
1044 1562 1267 1632 quidem
1299 1571 1413 1614 tres
1439 1561 1667 1615 morbos
1690 1564 1760 1617 ad
1794 1582 1902 1636 op..

159 1646 367 1711 timum
411 1647 660 1699 converti
691 1655 911 1717 oportet
947 1665 981 1699 a
1015 1643 1407 1700 iucundiffimo
1437 1646 1587 1717 quod
1627 1646 1823 1704 dicitur
1848 1659 1904 1702 et

159 1732 345 1789 tribus
375 1724 636 1784 maitimis
661 1729 968 1792 contineri,
1004 1739 1171 1801 metu
1195 1739 1251 1783 et
1270 1729 1395 1797 lege
1424 1739 1479 1781 et
1504 1748 1639 1785 vera
1664 1732 1901 1800 ratione,

161 1815 422 1870 adhibitis
450 1834 583 1868 vero
611 1816 780 1869 Mufis
805 1824 859 1867 et
895 1813 997 1867 diis
1024 1804 1399 1868 certaminum
1421 1813 1810 1888 praefidibua„
1838 1827 1906 1870 ut

162 1902 575 1955 incrementum
621 1910 677 1952 et
710 1898 995 1953 affluentia
1031 1898 1466 1969 exstinguantur.
1566 1899 1902 1959 Liberorum

160 2006 297 2040 vero
323 1985 770 2062 procreationem
796 1986 913 2059 post
933 1984 1160 2055 nuptias
1190 2003 1468 2057 ponamus
1485 2020 1501 2045 ‚
1542 1992 1596 2037 et
1624 1987 1741 2056 post
1765 2004 1905 2059 pro..

160 2064 509 2131 ,creationem
549 2069 938 2123 educationem
979 2078 1033 2120 et
1078 2068 1444 2140 disciplinam.
1497 2078 1552 2122 et
1570 2068 1799 2124 sorfitan
1824 2060 1905 2125 ita

164 2158 506 2231 procedente
530 2157 787 2208 sermone
812 2155 909 2208 lex
932 2152 1092 2207 nobis
1119 2173 1372 2226 quaeque
1399 2154 1552 2208 ultra
1576 2156 1906 2227 progredia-

163 2254 263 2298 tur
286 2242 355 2296 ad
381 2241 765 2305 coenationes,
819 2239 1090 2309 simulque
1123 2239 1517 2312 pervenientes
1545 2239 1616 2293 ad
1652 2241 1787 2294 tales
1812 2242 1906 2294 so·-

167 2329 409 2394 cietateS,
447 2336 640 2379 utrum
663 2325 971 2379 mulierum
998 2343 1069 2376 an
1096 2324 1352 2379 virorum
1380 2333 1633 2398 oporteat
1653 2325 1906 2380 solorum

163 2413 318 2479 fieri,
381 2409 614 2484 propius
646 2411 712 2463 ad
749 2429 840 2463 eas
873 2410 1199 2466 accedentes
1232 2411 1410 2485 magis
1433 2410 1657 2466 fortaffe
1683 2410 1908 2477 videbi-

164 2517 328 2564 mus,
389 2514 535 2568 quae
562 2514 699 2548 vero
726 2495 824 2548 illa
860 2494 1192 2568 praecedere
1226 2496 1537 2564 debebant,
1586 2495 1907 2549 etiamnunc

165 2583 382 2653 legibus
410 2580 583 2634 nullis
607 2579 899 2633 constituta
914 2619 935 2647 ,
978 2580 1052 2633 ita
1078 2581 1463 2637 ordinabimus
1485 2589 1550 2635 ut
1568 2581 1908 2655 praecedant

169 2676 260 2734 et,
293 2666 442 2738 quod
470 2664 640 2719 modo
666 2664 882 2718 dictum
907 2666 1005 2730 est,
1042 2664 1357 2722 videbimus
1377 2687 1444 2723 ea
1466 2667 1777 2722 accuratius
1790 2686 1905 2720 ma-

170 2749 365 2823 gisque
401 2750 803 2811 convenientes
854 2768 920 2805 ac
967 2750 1223 2807 decentes
1263 2752 1335 2807 de
1381 2753 1459 2810 eie
1505 2754 1654 2827 leges
1703 2751 1907 2811 consti--v

170 2844 412 2889 tuemuS.

319 2918 402 2973 cl.
439 2914 753 2973 Rectiffime
771 2919 1048 2991 loqueris

315 3004 451 3063 Ath.
491 3003 872 3059 Custodiamus
903 3005 1076 3078 igitur
1096 3006 1370 3062 memoria
1394 3023 1539 3078 quae
1569 3005 1736 3061 modo
1761 3022 1907 3077 pro-

171 3092 289 3147 lata
314 3091 474 3160 sunt3
510 3089 735 3147 fortasse
759 3089 912 3147 enim
936 3090 1237 3164 aliquando
1267 3091 1343 3147 eis
1367 3090 1633 3147 omnibus
1659 3109 1798 3167 opus
1810 3089 1909 3149 ha..

138 3224 145 3238 ,
173 3175 451 3232 bebimus.
495 3221 500 3224 .
