2176 3672
660 208 1208 295 LEGESm.
1707 218 1804 273 145

230 355 317 413 01.
355 353 608 410 Dicimus
639 371 791 408 vero.

12 524 18 535 ὲ
219 453 356 515 Atta.
396 455 480 509 Ita
515 455 684 527 igitur
703 451 1003 528 ponimus,
1042 467 1215 522 quum
1239 449 1493 507 interitus
1516 454 1809 528 accidisset,

86 543 140 596 fe
158 538 414 598 habuisse
447 557 536 594 res
564 539 867 604 humanust,
902 537 1232 590 immensam
1262 541 1543 610 quandam
1567 535 1811 608 horribi-

80 629 308 699 lemque
332 623 686 680 solitudinem
712 622 983 687 exstitiffe‚
1024 631 1209 675 terrae
1234 623 1502 678 fecundae
1526 625 1645 680 vim
1671 641 1811 702 per-

0 730 16 761 ’ν
78 729 376 785 magnam,
422 708 756 764 animalibus
788 708 1024 779 reliquis
1060 707 1331 760 exstinctis
1355 708 1526 762 boum
1554 722 1813 768 armenta

9 825 13 832 ·
79 800 267 872 aliqua
293 806 350 851 et
373 798 414 850 fi
443 794 592 867 quod
621 812 923 866 caprarum
946 793 1203 847 relictum
1228 792 1396 846 fuerit
1422 811 1614 864 genus,
1635 815 1812 868 eaque

76 901 266 959 pauca
297 883 367 936 ad
402 880 577 935 vitam
623 880 1034 934 sustentandam
1074 877 1428 952 pascentibus
1459 878 1516 934 id
1548 882 1814 953 temporis

78 968 242 1025 fuifle
263 968 444 1023 initio.

226 1066 310 1124 CI.
349 1062 616 1142 Quidni?

222 1167 357 1224 Ath.
406 1163 576 1220 Urbis
611 1172 799 1221 autem
845 1171 901 1217 et
932 1162 1167 1219 civitatis
1191 1172 1248 1218 et
1272 1165 1461 1235 legum
1475 1161 1713 1234 lationi3‚
1745 1166 1819 1221 de

82 1251 285 1325 quibus
306 1270 458 1306 nunc
476 1250 654 1304 oratio
668 1250 827 1303 nobis
853 1250 1101 1323 suscepta
1115 1252 1205 1312 est,
1222 1261 1559 1324 putamusne
1582 1254 1675 1308 vel
1690 1273 1818 1308 me-

83 1339 324 1392 moriam
355 1336 474 1391 fere
496 1336 681 1389 ullam·
699 1334 930 1389 omnino
955 1335 1156 1390 fuisse?

225 1435 308 1492 CI.
345 1436 708 1507 Nequaquam
738 1454 897 1489 vero-

223 1535 364 1596 Ath.
400 1535 602 1598 Nonne
640 1554 715 1588 ex
755 1534 861 1588 illis
897 1533 972 1587 ita
995 1535 1333 1607 comparatis
1358 1535 1536 1590 nostra
1559 1536 1817 1611 profecta

78 1626 212 1679 sunt
233 1622 443 1688 omnia,
469 1630 524 1674 et
545 1621 711 1675 urbes
743 1628 798 1674 et
824 1618 1072 1672 civitates
1089 1631 1144 1673 et
1170 1630 1313 1674 artes
1343 1631 1399 1674 et
1421 1622 1568 1693 leges
1596 1634 1650 1678 et
1669 1626 1817 1679 mul.

83 1719 139 1764 ta
165 1708 398 1782 quidem
421 1706 771 1781 improbitas,
809 1706 989 1759 multa
1015 1723 1147 1760 vero
1178 1705 1344 1760 etiam
1370 1707 1585 1762 virtus?

231 1807 316 1863 CI.
355 1805 659 1879 Quomodo
690 1804 869 1860 dicis?

226 1905 366 1963 Ath.
403 1906 548 1960 Num
575 1905 933 1968 arbitramur,
969 1904 1060 1957 vir
1079 1904 1441 1971 admirabilis,
1469 1905 1725 1963 homines
1755 1910 1821 1975 il-

48 2038 51 2040 ψ
82 1995 192 2051 lius
209 1992 404 2047 aetatis
430 1990 714 2064 imperitos
739 1991 1052 2043 multorum
1078 1989 1305 2061 quidem
1335 1990 1613 2045 bonorum
1640 1993 1699 2046 in
1721 2013 1822 2048 ur-

84 2079 247 2133 bibus
283 2076 745 2148 conspicuorum,
783 2075 1098 2127 multorum
1139 2094 1271 2129 vero
1309 2075 1474 2128 etiam
1504 2079 1823 2133 contrario-

83 2183 214 2221 rum
239 2161 515 2237 perfectos
540 2161 611 2215 ad
637 2163 909 2214 virtutem
939 2161 1027 2213 vel
1056 2160 1220 2214 etiam
1252 2161 1597 2215 vitiositatem
1622 2163 1821 2219 fuiffe?

230 2263 311 2319 CI.
349 2264 498 2318 Bene
520 2261 784 2334 loqueris,
822 2268 877 2312 et
895 2259 1258 2331 intelligimus
1284 2261 1434 2332 quod
1465 2260 1618 2315 dicis.

223 2363 362 2420 Ath.
397 2362 597 2418 Nonne
626 2372 883 2432 tempore
896 2359 1287 2432 progrediente
1301 2361 1593 2434 nostroque
1614 2383 1823 2436 genere

0 2485 3 2505 2
86 2448 548 2517 increbrescente,
573 2445 631 2500 in
657 2456 1006 2520 praesentem
1034 2466 1224 2502 rerum
1247 2447 1446 2501 statum
1478 2451 1666 2505 omnia
1688 2471 1821 2526 pro,

0 2518 5 2573 ἰ
88 2534 399 2592 oefferunt?

233 2633 313 2690 cl.
348 2635 676 2691 Rectissime.

231 2733 365 2793 Ath.
411 2736 535 2790 Non
573 2735 752 2790 statim
793 2734 1051 2807 quidem,
1089 2744 1155 2790 ut
1179 2743 1362 2808 patet,
1402 2735 1491 2790 red
1524 2737 1818 2810 paullatim

0 2607 7 2635 l

0 2648 11 2736 ,ξ

0 2751 10 2802 sl

0 2831 12 2881 Ἰ
95 2818 259 2893 longo
280 2821 525 2891 quodam
547 2821 812 2895 temporis
840 2821 1033 2894 spatio,

8 2913 19 3021 ξ
239 2917 323 2975 cl.
362 2917 507 2974 Sane
527 2919 635 2974 hoc
655 2920 734 2975 ita
755 2921 1200 2976 consentaneum.

16 3084 20 3110 ;
240 3030 380 3088 'Aela
417 3029 731 3104 Quominus
757 3033 904 3087 enim
933 3053 963 3086 e
986 3034 1123 3089 locis
1146 3036 1365 3090 excelsis
1390 3034 1449 3090 in
1472 3052 1700 3108 campos
1721 3034 1821 3087 de-

95 3115 448 3182 scenderent,
481 3114 698 3187 opinor,
732 3129 914 3174 metus
935 3138 1033 3175 eos
1055 3120 1401 3196 impediebat
1433 3138 1648 3176 recens.

16 3201 29 3339 ξ
243 3227 323 3285 σι.
364 3227 624 3302 Quidni?

237 3343 375 3400 Am.
427 3342 627 3398 Nonne
667 3359 797 3399 cum
828 3346 1115 3421 voluptate
1149 3348 1376 3420 quidem
1404 3349 1555 3410 iuter
1578 3348 1633 3403 se
1663 3346 1823 3401 vide-

182 3429 336 3485 Tom.
384 3427 450 3481 V
441 3427 485 3482 I.
1427 3432 1480 3486 K
