2132 3652
764 291 1146 349 LEGES
1219 294 1285 349 V.
1794 311 1894 366 277

100 475 110 512 ἑ
157 450 268 507 que
286 429 544 486 iniustum
574 450 691 486 non
717 433 814 488 sua
839 437 1034 508 sponte
1057 435 1322 490 iniustum
1348 440 1480 504 esse3
1507 435 1891 490 maximorum

150 518 308 589 ⁴enim
345 520 630 572 malorum
676 537 845 573 nemo
890 538 1161 591 umquam
1204 523 1384 576 ullum
1423 524 1520 577 sua
1558 523 1757 596 sponte
1793 519 1891 572 fibi

152 602 585 681 comparaverit,
621 604 878 659 omnium
909 619 1046 659 vero
1086 606 1322 662 minime
1356 601 1417 662 in
1450 607 1517 661 iis
1547 623 1694 677 quae
1723 621 1891 676 prae-

150 687 470 747 ssanliffima
505 688 703 752 haben
753 690 977 744 animus
1014 700 1237 760 autem,
1274 703 1336 748 ut
1373 693 1653 756 diximus,
1688 705 1892 742 revera

150 779 226 831 est
272 774 532 830 omnibus
571 773 1094 846 praestantiffirnum
1137 773 1350 832 bonum
1365 799 1383 847 3
1437 779 1500 842 in
1537 773 1891 849 praestantis-

149 862 285 914 fima
303 858 471 931 igitur
493 861 576 912 sui
604 870 767 934 parte
806 862 1122 916 maximum
1155 863 1369 917 malum
1402 880 1572 917 nemo
1614 877 1888 929 umquam

147 947 246 999 sua
286 947 483 1018 sponte
522 946 785 1017 suscipiet
817 955 870 1000 et
910 965 1014 1018 per
1063 947 1238 1000 totam
1277 946 1450 1001 vitam
1491 945 1747 1011 habebit3
1793 943 1888 997 sed

145 1030 531 1085 misericordia
554 1032 757 1103 dignus
789 1034 859 1085 est
894 1031 1126 1084 iniustus
1148 1041 1202 1085 et
1238 1031 1643 1098 malavhabens,
1684 1041 1740 1083 et
1769 1028 1886 1082 mi-

147 1116 316 1170 sereri
341 1116 568 1187 quidem
610 1116 871 1171 convenit
907 1116 1028 1169 eius
1065 1117 1162 1187 qui
1200 1116 1466 1171 sanabilia
1487 1114 1675 1180 habet,
1709 1115 1793 1167 ita
1819 1123 1886 1166 ut

145 1203 493 1264 iracundiam
545 1203 903 1257 cohibeamus
944 1212 1001 1254 et
1053 1201 1399 1274 mitigemus,
1453 1221 1570 1256 non
1601 1202 1882 1255 ferventes

144 1287 497 1342 muliebriter
538 1288 598 1340 in
651 1285 1108 1341 excandescentia
1148 1290 1607 1357 perseveremus,
1653 1287 1714 1340 in
1749 1295 1881 1339 eum

144 1383 351 1438 autem,
389 1371 487 1443 qui
510 1381 626 1425 tam
655 1371 947 1445 improbus
971 1382 1028 1424 et
1050 1373 1229 1425 malus
1253 1375 1325 1428 est
1347 1381 1410 1426 ut
1434 1372 1614 1426 sanari
1637 1380 1884 1443 nequeat

140 1479 244 1512 nec
266 1450 939 1528 admonitionireiinquat
963 1456 1170 1518 locum,
1200 1457 1435 1512 immitti
1460 1467 1685 1532 oportet
1701 1456 1840 1510 iram
1861 1475 1879 1517 ς

139 1545 399 1616 quocirca
423 1542 737 1595 animosum
770 1552 828 1595 et
853 1542 1053 1596 mitem
1083 1542 1321 1598 dicimus
1347 1544 1632 1616 quemque
1669 1541 1876 1595 debere

56 1673 67 1679 .
136 1629 350 1682 bonum
376 1631 496 1684 effe.
573 1628 849 1682 Omnium
871 1647 1009 1681 vero
1034 1629 1354 1683 maximum
1384 1630 1666 1683 malorum
1693 1625 1875 1681 homi-

138 1715 305 1768 nibus
342 1712 622 1786 plerisque
655 1713 877 1765 insitum
913 1713 973 1765 in
1007 1712 1209 1766 animis
1245 1716 1341 1781 est,
1382 1714 1568 1775 cuius,
1609 1711 1744 1784 quia
1778 1709 1873 1763 fibi

140 1798 373 1868 quisque
404 1796 459 1849 id
493 1795 740 1866 ignoscit,
777 1796 999 1849 nullum
1050 1799 1272 1868 quaerit
1312 1799 1603 1870 effugium,
1649 1798 1757 1852 hoo
1795 1798 1870 1848 est

136 1885 274 1938 illud
300 1882 450 1954 quod
477 1880 693 1946 dicunt,
730 1898 1007 1952 quemque
1036 1882 1329 1937 hominem
1357 1885 1413 1937 se
1440 1883 1625 1956 ipsum
1664 1891 1868 1937 natura

138 1988 324 2024 amare
335 1977 392 2020 et
414 1977 564 2020 recte
586 1965 793 2020 habe-re
812 1968 982 2020 talem
1007 1970 1140 2035 esse3
1168 1977 1225 2021 at
1246 1986 1444 2023 revera
1470 1967 1578 2022 hoc
1600 1966 1862 2022 omnium
1899 1981 1902 1990 '

135 2064 498 2128 peccatorum
522 2060 758 2124 propter
778 2052 1019 2106 nimium
1046 2053 1127 2106 sui
1149 2071 1400 2107 amorem
1429 2051 1628 2123 cuique
1644 2053 1867 2124 semper

138 2142 212 2194 est
245 2139 436 2204 causa3
478 2145 727 2189 occaecat
764 2137 915 2190 enim
947 2147 1230 2192 amantem
1272 2138 1331 2191 id
1363 2137 1512 2209 qnod
1555 2147 1707 2191 amat
1727 2136 1866 2188 adeo

136 2235 203 2279 ut
224 2225 358 2279 iusta
385 2234 440 2276 et
464 2222 610 2276 bona
634 2233 690 2275 et
728 2222 964 2295 pulchra
1005 2223 1151 2277 male
1183 2223 1415 2289 iudicet,
1450 2224 1611 2277 suum
1641 2224 1863 2294 semper

134 2310 309 2383 magis
331 2327 497 2381 quam
514 2326 713 2362 verum
729 2311 832 2362 effe
857 2309 1156 2362 colendum
1181 2307 1492 2375 arbitrans‚·
1512 2306 1861 2379 nequeenim

136 2398 191 2449 se
219 2395 398 2468 ipsum
424 2412 606 2464 neque
633 2412 720 2447 res
753 2396 877 2447 suas
911 2394 1075 2447 debet
1103 2394 1334 2465 diligere
1371 2394 1464 2467 qui
1499 2404 1737 2466 magnus
1767 2392 1859 2446 vir

137 2483 208 2535 est
232 2480 475 2545 futurus,
508 2480 601 2531 sed
623 2478 777 2546 iusta,
799 2482 906 2532 five
928 2478 997 2532 ab
1018 2479 1134 2551 ipso
1161 2482 1274 2534 five
1299 2479 1369 2534 ab
1395 2478 1504 2533 alio
1530 2477 1709 2550 magis
1731 2496 1860 2550 per-

136 2575 396 2638 aguntur.
421 2584 491 2619 ex
517 2563 712 2616 eodem
743 2574 930 2617 autem
955 2565 1063 2619 hoc
1090 2573 1314 2638 peccato
1331 2563 1499 2616 etiam
1525 2563 1719 2618 exsistit
1741 2579 1859 2616 om-

136 2651 300 2706 nibus
320 2650 519 2703 vitium
552 2668 667 2719 quo
707 2652 861 2704 suam
901 2651 1137 2721 quisque
1177 2649 1447 2704 inscitiam
1472 2650 1748 2705 existimat
1771 2651 1860 2703 fa·-

133 2735 399 2807 pientiam
448 2736 584 2801 effe3
634 2754 743 2806 quo
779 2735 842 2789 fit
881 2746 944 2789 ut
986 2735 1126 2790 nihil
1150 2735 1267 2789 fere
1312 2735 1544 2790 scientes
1595 2746 1858 2810 putemus
1904 2724 1913 2731 ⁴

138 2819 325 2873 onmia
357 2838 457 2872 nos
499 2819 635 2871 scire
671 2830 751 2886 et,
801 2822 930 2893 quia
969 2822 1091 2876 aliis
1129 2841 1246 2875 non
1280 2821 1680 2877 committimus
1712 2839 1858 2891 quae

137 2903 406 2956 nescimus
431 2901 629 2966 facere,
655 2924 918 2975 cogamur
946 2926 1177 2979 peccare
1201 2907 1296 2979 ipfi
1331 2905 1614 2960 facientes.
1648 2906 1852 2959 iccirco

138 3006 414 3058 quemque
443 2987 720 3044 hominem
743 3003 962 3062 oportet
989 2993 1183 3064 fugere
1206 2991 1445 3047 nimium
1472 2992 1553 3045 sui
1574 3006 1849 3055 amorem,

140 3072 428 3128 meiiorem
464 3090 593 3122 vero
637 3076 688 3124 se
724 3075 842 3146 ipso
876 3078 1069 3132 sectari
1114 3078 1274 3132 debet
1330 3077 1486 3130 nullo
1532 3077 1586 3127 se
1631 3072 1852 3145 pudore

139 3157 208 3209 ab
236 3156 339 3209 hoo
361 3155 619 3226 impediri
646 3159 869 3229 patiens.
934 3161 1096 3234 Quae
1121 3162 1207 3216 his
1235 3159 1446 3215 leviora
1478 3144 1704 3230 quidem
1729 3160 1861 3212 sunt:

138 3239 462 3311 saepiusque
497 3239 671 3308 dicta,
719 3261 831 3295 non
881 3243 1066 3299 minus
1115 3255 1301 3300 tamen
1337 3264 1506 3315 quam
1539 3244 1638 3299 ina
1676 3243 1851 3306 utilia,

139 3332 360 3396 oportet
386 3323 488 3377 dici
515 3324 572 3378 in
607 3326 933 3380 memoriam
969 3331 1222 3397 reducta3
1260 3331 1423 3385 debet
1448 3329 1597 3384 enim
1619 3329 1839 3398 semper

141 3409 285 3479 quasi
312 3407 524 3479 aliquid
551 3409 754 3480 effluat,
792 3414 978 3470 rursus
1008 3416 1139 3487 quid
1163 3416 1427 3482 influere3
1464 3422 1521 3467 et
1545 3409 1855 3468 recordatio
