2176 3672
799 198 1315 256 LEGESII.
1857 213 1923 273 8¹

333 341 415 399 cl.
454 342 558 400 Ita.-

324 426 447 485 ΑιΙι
498 426 700 484 Nonne
740 425 910 499 igitur
946 426 1195 486 incultus
1235 444 1269 480 a
1306 425 1480 483 choro
1513 425 1726 488 alienus
1761 436 1919 493 nobis

190 492 328 579 erit,
366 514 628 571 excultus
665 533 803 570 vero
832 514 895 568 in
922 511 1140 568 choreis
1166 512 1293 568 satis
1320 514 1574 568 versatus
1598 518 1673 605 est
1694 535 1922 591 ponem

188 598 331 655 dus?

333 684 418 744 CI.
456 685 719 760 Quidni?

328 773 459 830 Am.
515 773 741 829 Chorea
775 781 965 828 autem
997 772 1057 827 in
1085 770 1413 828 universum
1450 771 1661 828 saltatio
1692 785 1752 831 et
1782 794 1923 842 can-³v

187 866 278 912 tus
301 858 393 916 est.

325 945 412 1002 CI.
443 944 772 1000 Neceffario.
1182 973 1204 987 ·

329 1026 467 1088 Aah
525 1031 676 1085 Bene
713 1047 850 1103 ergo
893 1028 1172 1084 institutus
1210 1041 1414 1082 canere
1445 1034 1504 1079 et
1538 1025 1736 1084 saltare
1773 1029 1920 1089 bene

186 1115 411 1187 poterit.

332 1197 416 1254 CI.
455 1200 616 1255 Patet
637 1218 788 1256 vero·

326 1285 466 1341 Am.
505 1283 812 1340 Videamus
839 1292 1032 1339 autem
1059 1281 1192 1356 quid
1210 1281 1436 1337 tandem
1450 1283 1510 1338 fit
1522 1282 1577 1338 id
1593 1285 1918 1357 quod-nunc

186 1370 378 1424 rursus
397 1368 684 1442 prolatum
699 1370 802 1442 est.

330 1453 415 1510 ΟΖ.
451 1452 742 1527 Quidnam
766 1453 950 1510 istud?
1702 1500 1706 1508 .

325 1540 460 1595 Ath.
507 1541 659 1595 Bene
697 1541 879 1609 canit,
938 1539 1175 1594 dicimus
1186 1579 1203 1606 ,
1252 1548 1307 1593 et
1338 1538 1480 1594 bene
1520 1540 1683 1596 saltat
1720 1549 1917 1600 utrum

184 1626 357 1682 etiam
379 1626 420 1680 fi
441 1623 592 1680 bona
619 1633 676 1679 et
698 1625 922 1681 honesta
951 1626 1080 1680 sunt
1102 1643 1251 1697 quae
1276 1625 1428 1680 canit
1448 1634 1504 1679 et
1521 1627 1718 1682 saltat?
1733 1628 1916 1685 adda-

185 1730 316 1767 mus
336 1711 463 1781 hoc,
497 1711 718 1767 necne?

328 1797 415 1856 GL
451 1797 738 1855 Addamus
757 1815 914 1852 vero,

325 1883 463 1942 Ath.
485 1881 642 1955 Quid
661 1881 691 1934 *ἶ
721 1882 761 1936 fi
784 1882 1008 1937 honesta
1025 1881 1341 1937 existimans
1362 1886 1470 1938 effe
1485 1882 1712 1938 honesta
1730 1894 1787 1941 et
1800 1895 1919 1942 tur-

186 1969 284 2044 pia
302 1968 492 2042 turpia
503 1967 584 2022 ila
601 1967 679 2021 eia
697 1966 895 2037 utitur,
916 1968 1120 2022 melius
1133 1967 1228 2022 hle
1239 1966 1520 2021 mstxtutus
1542 1969 1705 2029 nobis
1720 1972 1832 2027 erit
1843 1973 1918 2028 ad

186 2055 451 2112 choream
474 2063 531 2107 et
555 2053 835 2118 musicam,
873 2052 972 2125 qui
998 2071 1234 2125 corpore
1259 2051 1491 2124 quidem
1515 2062 1572 2106 et
1595 2072 1734 2110 voce
1759 2056 1920 2129 quic-

185 2139 328 2214 quid
349 2139 644 2196 honestum
658 2140 762 2195 effe
786 2135 1283 2210 comprehenderit
1311 2136 1441 2191 satis
1455 2139 1615 2211 poffit
1629 2140 1917 2210 exhibere,

185 2224 421 2280 honestis
464 2232 656 2278 autem
690 2242 804 2277 non
831 2222 1071 2294 gaudeat
1091 2239 1274 2294 neque
1299 2221 1493 2275 odium
1517 2222 1726 2278 habeat
1750 2226 1920 2281 inho·-

186 2311 468 2364 nestorum
485 2307 513 2362 ’2
549 2326 624 2363 an
659 2306 705 2362 is
748 2308 847 2379 qui
878 2327 1018 2363 voce
1041 2307 1272 2380 quidem
1298 2315 1355 2361 et
1378 2325 1615 2380 corpore
1640 2328 1758 2364 non
1793 2312 1919 2367 satis

184 2396 346 2470 posfit
382 2392 651 2449 imitando
697 2394 1032 2466 assequibvel
1069 2400 1261 2446 mente
1287 2393 1774 2460 comprehendere,
1812 2416 1920 2451 vo-

186 2481 398 2554 luptate
430 2489 623 2535 autem
654 2489 711 2534 ct
755 2481 948 2534 dolore
987 2487 1139 2533 recte
1172 2479 1492 2551 assequatur
1511 2514 1531 2544 ‚
1577 2480 1920 2553 amplectens

187 2566 418 2639 quidem
432 2583 822 2639 quaecumque
844 2564 1103 2638 pulch1a‚
1121 2564 1420 2637 repudians
1445 2583 1582 2619 vero
1609 2582 1922 2638 quaecum-

187 2668 297 2723 que
317 2669 432 2705 non
454 2650 731 2724 pulchra?

335 2735 420 2791 Cl.
457 2736 748 2807 Magnum,
786 2736 1007 2812 hospes,
1045 2734 1176 2791 dicis
1205 2696 1530 2809 disciplinae
1562 2733 1883 2792 discrimen.

330 2819 471 2877 Ath.
522 2821 809 2895 Quocirca
844 2824 883 2877 fi
917 2821 1220 2896 pulchrum
1254 2819 1316 2875 in
1352 2830 1519 2875 cantu
1551 2831 1608 2876 et
1629 2822 1923 2877 saltatione

195 2904 570 2978 cognoscimus
618 2925 719 2962 nos
764 2909 864 2979 qui
898 2918 1011 2963 tres
1048 2908 1266 2974 sumna,
1325 2906 1529 2960 scimus
1563 2923 1789 2977 quoque
1823 2905 1921 2978 qui

196 2998 346 3045 recte
371 2990 590 3047 dicatur
614 2994 875 3049 ‚excultus
898 3003 955 3048 et
975 2990 1248 3058 incultus;
1285 2992 1362 3044 fin
1396 2999 1587 3044 autem
1613 2991 1722 3043 hoc
1755 2989 1923 3060 igno-

198 3075 534 3142 raverimus,
568 3095 673 3132 nec
700 3097 906 3152 ecquae
939 3075 1253 3151 disciplinae
1279 3074 1619 3128 conservatio
1643 3075 1705 3127 fit
1732 3082 1787 3126 et
1805 3072 1922 3137 ubi,

198 3159 515 3233 perspicere
528 3178 793 3233 umquam
808 3163 1191 3237 potuerimus5
1229 3180 1413 3215 nonne
1434 3179 1522 3215 res
1547 3161 1614 3214 fic
1634 3159 1688 3213 se
1711 3157 1880 3214 habet
1894 3158 1922 3211 2

342 3244 425 3301 ΟΖ.
468 3244 561 3301 Sic
588 3264 739 3302 vere.

276 3420 430 3474 Tom.
479 3417 577 3472 VI.
1529 3413 1572 3464 F
