<?xml version="1.0" encoding="UTF-8"?>
<!DOCTYPE html PUBLIC "-//W3C//DTD XHTML 1.0 Transitional//EN"
    "http://www.w3.org/TR/xhtml1/DTD/xhtml1-transitional.dtd">
<html xmlns="http://www.w3.org/1999/xhtml" xml:lang="en" lang="en">
 <head>
  <title>
</title>
<meta http-equiv="Content-Type" content="text/html;charset=utf-8" />
  <meta name='ocr-system' content='tesseract 3.04.00' />
  <meta name='ocr-capabilities' content='ocr_page ocr_carea ocr_par ocr_line ocrx_word'/>
</head>
<body>
  <div class='ocr_page' id='page_1' title='image "./quaeexstantopera06plat_0082.png"; bbox 0 0 2176 3672; ppageno 0'>
   <div class='ocr_carea' id='block_1_1' title="bbox 304 135 373 206">
    <p class='ocr_par' dir='ltr' id='par_1_1' title="bbox 304 135 373 206">
     <span class='ocr_line' id='line_1_1' title="bbox 304 135 373 206; baseline 0 -16"><span class='ocrx_word' id='word_1_1' title='bbox 304 135 373 206; x_wconf 82' lang='lat'>74</span> 
     </span>
    </p>
   </div>
   <div class='ocr_carea' id='block_1_2' title="bbox 279 276 2033 608">
    <p class='ocr_par' dir='ltr' id='par_1_2' title="bbox 279 276 2033 608">
     <span class='ocr_line' id='line_1_2' title="bbox 300 276 2031 352; baseline -0.001 -18"><span class='ocrx_word' id='word_1_2' title='bbox 300 281 430 335; x_wconf 80' lang='lat' dir='ltr'>sunt</span> <span class='ocrx_word' id='word_1_3' title='bbox 449 320 463 344; x_wconf 90' lang='lat'>‚</span> <span class='ocrx_word' id='word_1_4' title='bbox 515 292 654 349; x_wconf 74' lang='lat' dir='ltr'>quas</span> <span class='ocrx_word' id='word_1_5' title='bbox 702 276 948 350; x_wconf 64' lang='lat' dir='ltr'>migrare</span> <span class='ocrx_word' id='word_1_6' title='bbox 990 277 1083 332; x_wconf 81' lang='lat' dir='ltr'>vel</span> <span class='ocrx_word' id='word_1_7' title='bbox 1130 293 1339 330; x_wconf 80' lang='lat' dir='ltr'>novare</span> <span class='ocrx_word' id='word_1_8' title='bbox 1384 276 1544 331; x_wconf 78' lang='lat' dir='ltr'><strong>nefas</strong></span> <span class='ocrx_word' id='word_1_9' title='bbox 1580 276 1821 333; x_wconf 78' lang='lat' dir='ltr'>habetur</span> <span class='ocrx_word' id='word_1_10' title='bbox 1855 279 2031 352; x_wconf 85' lang='lat'>(658).</span> 
     </span>
     <span class='ocr_line' id='line_1_3' title="bbox 301 361 2032 435; baseline -0.001 -15"><span class='ocrx_word' id='word_1_11' title='bbox 301 364 459 420; x_wconf 71' lang='lat' dir='ltr'>Falsa</span> <span class='ocrx_word' id='word_1_12' title='bbox 482 381 616 418; x_wconf 84' lang='lat' dir='ltr'>vero</span> <span class='ocrx_word' id='word_1_13' title='bbox 641 379 841 422; x_wconf 88' lang='lat' dir='ltr'>eorum</span> <span class='ocrx_word' id='word_1_14' title='bbox 871 363 944 416; x_wconf 86' lang='lat' dir='ltr'>est</span> <span class='ocrx_word' id='word_1_15' title='bbox 968 363 1253 427; x_wconf 83' lang='lat' dir='ltr'>sententia,</span> <span class='ocrx_word' id='word_1_16' title='bbox 1294 362 1391 435; x_wconf 90' lang='lat' dir='ltr'>qui</span> <span class='ocrx_word' id='word_1_17' title='bbox 1413 361 1626 418; x_wconf 82' lang='lat' dir='ltr'>artibus</span> <span class='ocrx_word' id='word_1_18' title='bbox 1651 364 1863 419; x_wconf 78' lang='lat' dir='ltr'>musicis</span> <span class='ocrx_word' id='word_1_19' title='bbox 1888 364 2032 419; x_wconf 84' lang='lat' dir='ltr'>nihil</span> 
     </span>
     <span class='ocr_line' id='line_1_4' title="bbox 279 448 2033 524; baseline 0 -21"><span class='ocrx_word' id='word_1_20' title='bbox 279 461 524 524; x_wconf 18' lang='lat' dir='ltr'>&#39;praeter</span> <span class='ocrx_word' id='word_1_21' title='bbox 540 448 887 519; x_wconf 85' lang='lat' dir='ltr'>voluptatem</span> <span class='ocrx_word' id='word_1_22' title='bbox 908 450 1251 521; x_wconf 70' lang='lat' dir='ltr'>propositum</span> <span class='ocrx_word' id='word_1_23' title='bbox 1275 455 1379 505; x_wconf 84' lang='lat' dir='ltr'>effe</span> <span class='ocrx_word' id='word_1_24' title='bbox 1405 450 1611 518; x_wconf 86' lang='lat' dir='ltr'>dicunt,</span> <span class='ocrx_word' id='word_1_25' title='bbox 1631 462 1714 518; x_wconf 79' lang='lat' dir='ltr'>ut,</span> <span class='ocrx_word' id='word_1_26' title='bbox 1728 469 1841 522; x_wconf 88' lang='lat' dir='ltr'>quo</span> <span class='ocrx_word' id='word_1_27' title='bbox 1853 469 2033 522; x_wconf 82' lang='lat' dir='ltr'>quae-</span> 
     </span>
     <span class='ocr_line' id='line_1_5' title="bbox 299 532 2030 608; baseline -0.001 -19"><span class='ocrx_word' id='word_1_28' title='bbox 299 553 415 605; x_wconf 84' lang='lat' dir='ltr'>que</span> <span class='ocrx_word' id='word_1_29' title='bbox 433 532 608 605; x_wconf 85' lang='lat' dir='ltr'>magis</span> <span class='ocrx_word' id='word_1_30' title='bbox 634 533 892 596; x_wconf 86' lang='lat' dir='ltr'>delectet,</span> <span class='ocrx_word' id='word_1_31' title='bbox 940 552 1008 586; x_wconf 91' lang='lat' dir='ltr'>eo</span> <span class='ocrx_word' id='word_1_32' title='bbox 1037 535 1240 608; x_wconf 77' lang='lat' dir='ltr'>melior</span> <span class='ocrx_word' id='word_1_33' title='bbox 1267 537 1570 592; x_wconf 82' lang='lat' dir='ltr'>existimari</span> <span class='ocrx_word' id='word_1_34' title='bbox 1596 537 1810 591; x_wconf 84' lang='lat' dir='ltr'>debeat.</span> <span class='ocrx_word' id='word_1_35' title='bbox 1883 536 2030 591; x_wconf 84' lang='lat' dir='ltr'>Nam</span> 
     </span>
    </p>
   </div>
   <div class='ocr_carea' id='block_1_3' title="bbox 198 610 2121 691">
    <p class='ocr_par' dir='ltr' id='par_1_3' title="bbox 198 610 2121 691">
     <span class='ocr_line' id='line_1_6' title="bbox 198 610 2121 691; baseline 0 -19"><span class='ocrx_word' id='word_1_36' title='bbox 198 610 208 632; x_wconf 75' lang='lat'>⁸</span> <span class='ocrx_word' id='word_1_37' title='bbox 298 621 340 672; x_wconf 86' lang='lat' dir='ltr'><strong>fi</strong></span> <span class='ocrx_word' id='word_1_38' title='bbox 378 638 449 673; x_wconf 86' lang='lat' dir='ltr'>ex</span> <span class='ocrx_word' id='word_1_39' title='bbox 487 620 775 691; x_wconf 82' lang='lat' dir='ltr'>voluptate</span> <span class='ocrx_word' id='word_1_40' title='bbox 806 634 976 686; x_wconf 87' lang='lat' dir='ltr'>quam</span> <span class='ocrx_word' id='word_1_41' title='bbox 1014 628 1208 674; x_wconf 71' lang='lat' dir='ltr'>creant</span> <span class='ocrx_word' id='word_1_42' title='bbox 1240 622 1529 686; x_wconf 79' lang='lat' dir='ltr'>aestimare</span> <span class='ocrx_word' id='word_1_43' title='bbox 1556 641 1644 676; x_wconf 86' lang='lat' dir='ltr'>eas</span> <span class='ocrx_word' id='word_1_44' title='bbox 1667 621 1929 686; x_wconf 83' lang='lat' dir='ltr'>volueris,</span> <span class='ocrx_word' id='word_1_45' title='bbox 1965 619 2033 672; x_wconf 86' lang='lat' dir='ltr'>de</span> <span class='ocrx_word' id='word_1_46' title='bbox 2118 658 2121 663; x_wconf 23' lang='grc' dir='ltr'><em>Α</em></span> 
     </span>
    </p>
   </div>
   <div class='ocr_carea' id='block_1_4' title="bbox 218 688 2118 3356">
    <p class='ocr_par' dir='ltr' id='par_1_4' title="bbox 218 688 2118 3356">
     <span class='ocr_line' id='line_1_7' title="bbox 297 688 2033 776; baseline -0.003 -16"><span class='ocrx_word' id='word_1_47' title='bbox 297 706 405 761; x_wconf 85' lang='lat' dir='ltr'>hac</span> <span class='ocrx_word' id='word_1_48' title='bbox 435 704 553 776; x_wconf 80' lang='lat' dir='ltr'>ipsa</span> <span class='ocrx_word' id='word_1_49' title='bbox 586 703 647 755; x_wconf 89' lang='lat' dir='ltr'>in</span> <span class='ocrx_word' id='word_1_50' title='bbox 679 700 924 754; x_wconf 79' lang='lat' dir='ltr'>diversas</span> <span class='ocrx_word' id='word_1_51' title='bbox 959 702 1216 759; x_wconf 84' lang='lat' dir='ltr'>homines</span> <span class='ocrx_word' id='word_1_52' title='bbox 1243 688 1542 763; x_wconf 70' lang='lat' dir='ltr'>sententias</span> <span class='ocrx_word' id='word_1_53' title='bbox 1572 707 1915 762; x_wconf 85' lang='lat' dir='ltr'><strong>discedentes</strong></span> <span class='ocrx_word' id='word_1_54' title='bbox 1936 723 2033 756; x_wconf 88' lang='lat' dir='ltr'>re-</span> 
     </span>
     <span class='ocr_line' id='line_1_8' title="bbox 300 788 2034 868; baseline -0.002 -25"><span class='ocrx_word' id='word_1_55' title='bbox 300 789 500 864; x_wconf 84' lang='lat' dir='ltr'><strong>peries,</strong></span> <span class='ocrx_word' id='word_1_56' title='bbox 537 796 840 860; x_wconf 83' lang='lat' dir='ltr'>propterea</span> <span class='ocrx_word' id='word_1_57' title='bbox 867 788 1019 856; x_wconf 83' lang='lat' dir='ltr'>quod</span> <span class='ocrx_word' id='word_1_58' title='bbox 1052 797 1167 841; x_wconf 84' lang='lat' dir='ltr'>tam</span> <span class='ocrx_word' id='word_1_59' title='bbox 1193 791 1352 845; x_wconf 82' lang='lat' dir='ltr'>varia</span> <span class='ocrx_word' id='word_1_60' title='bbox 1375 795 1504 850; x_wconf 86' lang='lat' dir='ltr'>sunt</span> <span class='ocrx_word' id='word_1_61' title='bbox 1524 814 1629 868; x_wconf 77' lang='lat' dir='ltr'>pro</span> <span class='ocrx_word' id='word_1_62' title='bbox 1667 800 1867 851; x_wconf 84' lang='lat' dir='ltr'>aetate,</span> <span class='ocrx_word' id='word_1_63' title='bbox 1893 789 2034 841; x_wconf 86' lang='lat' dir='ltr'>sexu</span> 
     </span>
     <span class='ocr_line' id='line_1_9' title="bbox 299 871 2034 942; baseline -0.006 -12"><span class='ocrx_word' id='word_1_64' title='bbox 299 885 357 930; x_wconf 87' lang='lat' dir='ltr'>et</span> <span class='ocrx_word' id='word_1_65' title='bbox 391 873 646 928; x_wconf 87' lang='lat' dir='ltr'>moribus</span> <span class='ocrx_word' id='word_1_66' title='bbox 677 872 979 927; x_wconf 87' lang='lat' dir='ltr'>hominum</span> <span class='ocrx_word' id='word_1_67' title='bbox 1018 871 1275 942; x_wconf 86' lang='lat' dir='ltr'>ingenia,</span> <span class='ocrx_word' id='word_1_68' title='bbox 1309 886 1377 929; x_wconf 86' lang='lat' dir='ltr'>ut</span> <span class='ocrx_word' id='word_1_69' title='bbox 1400 878 1494 933; x_wconf 82' lang='lat' dir='ltr'>alii</span> <span class='ocrx_word' id='word_1_70' title='bbox 1517 878 1637 931; x_wconf 79' lang='lat' dir='ltr'>aliis</span> <span class='ocrx_word' id='word_1_71' title='bbox 1664 878 2034 931; x_wconf 75' lang='lat' dir='ltr'><strong>delectentur.</strong></span> 
     </span>
     <span class='ocr_line' id='line_1_10' title="bbox 298 956 2034 1033; baseline -0.003 -18"><span class='ocrx_word' id='word_1_72' title='bbox 298 959 658 1033; x_wconf 54' lang='lat' dir='ltr'>Quid‘igitur</span> <span class='ocrx_word' id='word_1_73' title='bbox 686 957 993 1030; x_wconf 88' lang='lat' dir='ltr'>pulchrum</span> <span class='ocrx_word' id='word_1_74' title='bbox 1020 958 1304 1014; x_wconf 77' lang='lat' dir='ltr'>censebis?</span> <span class='ocrx_word' id='word_1_75' title='bbox 1339 961 1488 1032; x_wconf 90' lang='lat' dir='ltr'>Ergo</span> <span class='ocrx_word' id='word_1_76' title='bbox 1513 962 1622 1016; x_wconf 89' lang='lat' dir='ltr'>hoc</span> <span class='ocrx_word' id='word_1_77' title='bbox 1641 956 2034 1020; x_wconf 72' lang='lat' dir='ltr'>tantummodo</span> 
     </span>
     <span class='ocr_line' id='line_1_11' title="bbox 297 1043 2035 1119; baseline -0.003 -18"><span class='ocrx_word' id='word_1_78' title='bbox 297 1066 414 1119; x_wconf 88' lang='lat' dir='ltr'>quo</span> <span class='ocrx_word' id='word_1_79' title='bbox 447 1045 558 1099; x_wconf 86' lang='lat' dir='ltr'>viri</span> <span class='ocrx_word' id='word_1_80' title='bbox 593 1043 788 1119; x_wconf 85' lang='lat' dir='ltr'>optimi</span> <span class='ocrx_word' id='word_1_81' title='bbox 833 1043 1327 1116; x_wconf 81' lang='lat' dir='ltr'>elegantissimique</span> <span class='ocrx_word' id='word_1_82' title='bbox 1371 1047 1681 1116; x_wconf 82' lang='lat' dir='ltr'>laetantur,</span> <span class='ocrx_word' id='word_1_83' title='bbox 1729 1044 2035 1118; x_wconf 84' lang='lat' dir='ltr'>pulchrum</span> 
     </span>
     <span class='ocr_line' id='line_1_12' title="bbox 298 1129 2036 1200; baseline -0.013 1"><span class='ocrx_word' id='word_1_84' title='bbox 298 1134 409 1188; x_wconf 63' lang='lat' dir='ltr'>21·st</span> <span class='ocrx_word' id='word_1_85' title='bbox 441 1134 613 1200; x_wconf 82' lang='lat'>(660).</span> <span class='ocrx_word' id='word_1_86' title='bbox 683 1159 758 1174; x_wconf 85' lang='lat'>--</span> <span class='ocrx_word' id='word_1_87' title='bbox 826 1129 1079 1185; x_wconf 88' lang='lat' dir='ltr'>Iudicem</span> <span class='ocrx_word' id='word_1_88' title='bbox 1103 1141 1289 1199; x_wconf 85' lang='lat' dir='ltr'>autem</span> <span class='ocrx_word' id='word_1_89' title='bbox 1317 1133 1378 1187; x_wconf 90' lang='lat' dir='ltr'>in</span> <span class='ocrx_word' id='word_1_90' title='bbox 1403 1132 1573 1188; x_wconf 80' lang='lat' dir='ltr'>rebus</span> <span class='ocrx_word' id='word_1_91' title='bbox 1600 1133 1668 1187; x_wconf 86' lang='lat' dir='ltr'>ad</span> <span class='ocrx_word' id='word_1_92' title='bbox 1695 1131 1881 1187; x_wconf 88' lang='lat' dir='ltr'>Musas</span> <span class='ocrx_word' id='word_1_93' title='bbox 1907 1130 2036 1200; x_wconf 83' lang='lat' dir='ltr'>spe-</span> 
     </span>
     <span class='ocr_line' id='line_1_13' title="bbox 298 1215 2035 1289; baseline -0.005 -14"><span class='ocrx_word' id='word_1_94' title='bbox 298 1218 581 1275; x_wconf 80' lang='lat' dir='ltr'>ctantibus</span> <span class='ocrx_word' id='word_1_95' title='bbox 609 1225 835 1289; x_wconf 78' lang='lat' dir='ltr'>oportet</span> <span class='ocrx_word' id='word_1_96' title='bbox 866 1223 922 1268; x_wconf 86' lang='lat' dir='ltr'>et</span> <span class='ocrx_word' id='word_1_97' title='bbox 953 1216 1175 1289; x_wconf 88' lang='lat' dir='ltr'>ingenio</span> <span class='ocrx_word' id='word_1_98' title='bbox 1201 1220 1424 1274; x_wconf 84' lang='lat' dir='ltr'>exculto</span> <span class='ocrx_word' id='word_1_99' title='bbox 1451 1229 1509 1274; x_wconf 90' lang='lat' dir='ltr'>et</span> <span class='ocrx_word' id='word_1_100' title='bbox 1535 1219 1725 1273; x_wconf 85' lang='lat' dir='ltr'>animo</span> <span class='ocrx_word' id='word_1_101' title='bbox 1752 1215 1888 1271; x_wconf 84' lang='lat' dir='ltr'>forti</span> <span class='ocrx_word' id='word_1_102' title='bbox 1912 1217 2035 1279; x_wconf 81' lang='lat' dir='ltr'><strong>effe,</strong></span> 
     </span>
     <span class='ocr_line' id='line_1_14' title="bbox 299 1299 2037 1380; baseline -0.006 -19"><span class='ocrx_word' id='word_1_103' title='bbox 299 1315 366 1361; x_wconf 83' lang='lat' dir='ltr'>ut</span> <span class='ocrx_word' id='word_1_104' title='bbox 388 1324 494 1380; x_wconf 87' lang='lat' dir='ltr'>per</span> <span class='ocrx_word' id='word_1_105' title='bbox 517 1305 572 1358; x_wconf 88' lang='lat' dir='ltr'>se</span> <span class='ocrx_word' id='word_1_106' title='bbox 598 1301 899 1376; x_wconf 83' lang='lat' dir='ltr'>pulchrum</span> <span class='ocrx_word' id='word_1_107' title='bbox 927 1301 1232 1357; x_wconf 81' lang='lat' dir='ltr'>diiudicare</span> <span class='ocrx_word' id='word_1_108' title='bbox 1259 1306 1530 1377; x_wconf 83' lang='lat' dir='ltr'>fimulque</span> <span class='ocrx_word' id='word_1_109' title='bbox 1553 1303 1858 1358; x_wconf 85' lang='lat' dir='ltr'>artificibus</span> <span class='ocrx_word' id='word_1_110' title='bbox 1881 1299 2037 1354; x_wconf 87' lang='lat' dir='ltr'>mul-</span> 
     </span>
     <span class='ocr_line' id='line_1_15' title="bbox 297 1386 2035 1464; baseline -0.004 -20"><span class='ocrx_word' id='word_1_111' title='bbox 297 1391 599 1460; x_wconf 83' lang='lat' dir='ltr'>¹titudinem</span> <span class='ocrx_word' id='word_1_112' title='bbox 638 1388 928 1461; x_wconf 84' lang='lat' dir='ltr'>voluptate</span> <span class='ocrx_word' id='word_1_113' title='bbox 966 1390 1453 1461; x_wconf 79' lang='lat' dir='ltr'>permulcentibus</span> <span class='ocrx_word' id='word_1_114' title='bbox 1492 1406 1813 1464; x_wconf 86' lang='lat' dir='ltr'>repugnare</span> <span class='ocrx_word' id='word_1_115' title='bbox 1845 1386 2035 1459; x_wconf 81' lang='lat' dir='ltr'>posfit3</span> 
     </span>
     <span class='ocr_line' id='line_1_16' title="bbox 299 1473 2037 1550; baseline -0.005 -19"><span class='ocrx_word' id='word_1_116' title='bbox 299 1477 510 1532; x_wconf 82' lang='lat' dir='ltr'><strong>etenim</strong></span> <span class='ocrx_word' id='word_1_117' title='bbox 531 1477 567 1528; x_wconf 86' lang='lat' dir='ltr'><strong>fi</strong></span> <span class='ocrx_word' id='word_1_118' title='bbox 590 1473 862 1528; x_wconf 88' lang='lat' dir='ltr'>iudicium</span> <span class='ocrx_word' id='word_1_119' title='bbox 886 1473 992 1527; x_wconf 87' lang='lat' dir='ltr'>hac</span> <span class='ocrx_word' id='word_1_120' title='bbox 1015 1475 1075 1527; x_wconf 90' lang='lat' dir='ltr'>in</span> <span class='ocrx_word' id='word_1_121' title='bbox 1103 1494 1168 1528; x_wconf 89' lang='lat' dir='ltr'>re</span> <span class='ocrx_word' id='word_1_122' title='bbox 1194 1476 1543 1531; x_wconf 76' lang='lat' dir='ltr'>multitudini</span> <span class='ocrx_word' id='word_1_123' title='bbox 1573 1474 1868 1550; x_wconf 85' lang='lat' dir='ltr'>imperitae</span> <span class='ocrx_word' id='word_1_124' title='bbox 1895 1490 2037 1525; x_wconf 87' lang='lat' dir='ltr'>con-</span> 
     </span>
     <span class='ocr_line' id='line_1_17' title="bbox 297 1558 2036 1633; baseline -0.005 -15"><span class='ocrx_word' id='word_1_125' title='bbox 297 1561 546 1629; x_wconf 80' lang='lat' dir='ltr'>ceditur,</span> <span class='ocrx_word' id='word_1_126' title='bbox 592 1558 718 1613; x_wconf 82' lang='lat' dir='ltr'>fieri</span> <span class='ocrx_word' id='word_1_127' title='bbox 757 1579 874 1613; x_wconf 83' lang='lat' dir='ltr'>nou</span> <span class='ocrx_word' id='word_1_128' title='bbox 911 1561 1084 1633; x_wconf 84' lang='lat' dir='ltr'>potest</span> <span class='ocrx_word' id='word_1_129' title='bbox 1131 1562 1271 1632; x_wconf 88' lang='lat' dir='ltr'>quin</span> <span class='ocrx_word' id='word_1_130' title='bbox 1312 1581 1498 1616; x_wconf 80' lang='lat' dir='ltr'>mores</span> <span class='ocrx_word' id='word_1_131' title='bbox 1537 1562 1710 1633; x_wconf 80' lang='lat' dir='ltr'>magis</span> <span class='ocrx_word' id='word_1_132' title='bbox 1749 1559 2036 1632; x_wconf 83' lang='lat' dir='ltr'>magisque</span> 
     </span>
     <span class='ocr_line' id='line_1_18' title="bbox 297 1642 2037 1722; baseline -0.006 -18"><span class='ocrx_word' id='word_1_133' title='bbox 297 1649 713 1722; x_wconf 84' lang='lat' dir='ltr'>depraventur,</span> <span class='ocrx_word' id='word_1_134' title='bbox 763 1647 1034 1717; x_wconf 86' lang='lat' dir='ltr'>quoniam</span> <span class='ocrx_word' id='word_1_135' title='bbox 1068 1646 1239 1718; x_wconf 63' lang='lat' dir='ltr'>poeta</span> <span class='ocrx_word' id='word_1_136' title='bbox 1283 1649 1375 1701; x_wconf 89' lang='lat' dir='ltr'>vel</span> <span class='ocrx_word' id='word_1_137' title='bbox 1396 1650 1635 1702; x_wconf 84' lang='lat' dir='ltr'>muficus</span> <span class='ocrx_word' id='word_1_138' title='bbox 1656 1642 2037 1702; x_wconf 80' lang='lat' dir='ltr'>multitudinis</span> 
     </span>
     <span class='ocr_line' id='line_1_19' title="bbox 295 1729 2036 1808; baseline -0.009 -18"><span class='ocrx_word' id='word_1_139' title='bbox 295 1734 558 1808; x_wconf 81' lang='lat' dir='ltr'>plausum</span> <span class='ocrx_word' id='word_1_140' title='bbox 602 1750 878 1803; x_wconf 83' lang='lat' dir='ltr'>quaerens</span> <span class='ocrx_word' id='word_1_141' title='bbox 917 1730 1195 1784; x_wconf 88' lang='lat' dir='ltr'>eiusmodi</span> <span class='ocrx_word' id='word_1_142' title='bbox 1232 1752 1322 1785; x_wconf 85' lang='lat' dir='ltr'>res</span> <span class='ocrx_word' id='word_1_143' title='bbox 1366 1732 1569 1805; x_wconf 79' lang='lat' dir='ltr'>finget,</span> <span class='ocrx_word' id='word_1_144' title='bbox 1619 1752 1759 1803; x_wconf 77' lang='lat' dir='ltr'>quae</span> <span class='ocrx_word' id='word_1_145' title='bbox 1793 1729 2036 1783; x_wconf 80' lang='lat' dir='ltr'>senfibus</span> 
     </span>
     <span class='ocr_line' id='line_1_20' title="bbox 295 1814 2039 1889; baseline -0.01 -7"><span class='ocrx_word' id='word_1_146' title='bbox 295 1820 687 1877; x_wconf 72' lang='lat' dir='ltr'>blandiantur,</span> <span class='ocrx_word' id='word_1_147' title='bbox 748 1836 892 1882; x_wconf 84' lang='lat' dir='ltr'><strong>non,</strong></span> <span class='ocrx_word' id='word_1_148' title='bbox 953 1835 1096 1887; x_wconf 87' lang='lat' dir='ltr'>quae</span> <span class='ocrx_word' id='word_1_149' title='bbox 1141 1839 1332 1873; x_wconf 88' lang='lat' dir='ltr'>mores</span> <span class='ocrx_word' id='word_1_150' title='bbox 1371 1819 1673 1889; x_wconf 80' lang='lat' dir='ltr'>corrigant.</span> <span class='ocrx_word' id='word_1_151' title='bbox 1758 1814 2039 1888; x_wconf 85' lang='lat' dir='ltr'>Quocirca</span> 
     </span>
     <span class='ocr_line' id='line_1_21' title="bbox 293 1902 2038 1980; baseline -0.006 -18"><span class='ocrx_word' id='word_1_152' title='bbox 293 1909 443 1980; x_wconf 86' lang='lat' dir='ltr'><strong>leges</strong></span> <span class='ocrx_word' id='word_1_153' title='bbox 467 1903 641 1979; x_wconf 63' lang='lat' dir='ltr'>poetis</span> <span class='ocrx_word' id='word_1_154' title='bbox 666 1922 730 1956; x_wconf 85' lang='lat' dir='ltr'>ac</span> <span class='ocrx_word' id='word_1_155' title='bbox 754 1902 971 1955; x_wconf 75' lang='lat' dir='ltr'>musicis</span> <span class='ocrx_word' id='word_1_156' title='bbox 992 1904 1311 1959; x_wconf 82' lang='lat' dir='ltr'>scribantur</span> <span class='ocrx_word' id='word_1_157' title='bbox 1332 1908 1539 1959; x_wconf 80' lang='lat' dir='ltr'>necesse</span> <span class='ocrx_word' id='word_1_158' title='bbox 1565 1906 1653 1957; x_wconf 91' lang='lat' dir='ltr'>est.</span> <span class='ocrx_word' id='word_1_159' title='bbox 1690 1902 1899 1957; x_wconf 66' lang='lat' dir='ltr'>Poetae</span> <span class='ocrx_word' id='word_1_160' title='bbox 1924 1916 2038 1953; x_wconf 82' lang='lat' dir='ltr'>una</span> 
     </span>
     <span class='ocr_line' id='line_1_22' title="bbox 294 1983 2118 2064; baseline -0.007 -15"><span class='ocrx_word' id='word_1_161' title='bbox 294 1994 412 2059; x_wconf 68' lang='lat' dir='ltr'>sola</span> <span class='ocrx_word' id='word_1_162' title='bbox 435 1992 617 2046; x_wconf 85' lang='lat' dir='ltr'>virtus</span> <span class='ocrx_word' id='word_1_163' title='bbox 642 1989 923 2062; x_wconf 72' lang='lat' dir='ltr'>proposita</span> <span class='ocrx_word' id='word_1_164' title='bbox 945 1989 1067 2055; x_wconf 88' lang='lat' dir='ltr'>erit,</span> <span class='ocrx_word' id='word_1_165' title='bbox 1106 1989 1364 2043; x_wconf 87' lang='lat' dir='ltr'>homines</span> <span class='ocrx_word' id='word_1_166' title='bbox 1393 1991 1596 2064; x_wconf 87' lang='lat' dir='ltr'>probos</span> <span class='ocrx_word' id='word_1_167' title='bbox 1619 1990 1892 2059; x_wconf 80' lang='lat' dir='ltr'>iustosque</span> <span class='ocrx_word' id='word_1_168' title='bbox 1923 1983 2039 2038; x_wconf 86' lang='lat' dir='ltr'>fin-</span> <span class='ocrx_word' id='word_1_169' title='bbox 2104 2001 2118 2010; x_wconf 28' lang='grc' dir='ltr'><strong>Χ</strong></span> 
     </span>
     <span class='ocr_line' id='line_1_23' title="bbox 291 2069 2039 2165; baseline -0.007 -31"><span class='ocrx_word' id='word_1_170' title='bbox 291 2099 415 2165; x_wconf 47' lang='grc' dir='ltr'>ἔθη</span> <span class='ocrx_word' id='word_1_171' title='bbox 454 2093 770 2147; x_wconf 75' lang='lat' dir='ltr'>eorumque</span> <span class='ocrx_word' id='word_1_172' title='bbox 797 2073 1124 2129; x_wconf 79' lang='lat' dir='ltr'>felicitatem</span> <span class='ocrx_word' id='word_1_173' title='bbox 1155 2094 1352 2130; x_wconf 85' lang='lat' dir='ltr'>veram</span> <span class='ocrx_word' id='word_1_174' title='bbox 1386 2095 1453 2129; x_wconf 81' lang='lat' dir='ltr'>ac</span> <span class='ocrx_word' id='word_1_175' title='bbox 1483 2074 1777 2150; x_wconf 82' lang='lat' dir='ltr'>propriam</span> <span class='ocrx_word' id='word_1_176' title='bbox 1809 2069 2039 2145; x_wconf 84' lang='lat' dir='ltr'>praedi-</span> 
     </span>
     <span class='ocr_line' id='line_1_24' title="bbox 294 2158 2037 2241; baseline -0.013 -12"><span class='ocrx_word' id='word_1_177' title='bbox 294 2175 456 2241; x_wconf 71' lang='lat' dir='ltr'>nabit.</span> <span class='ocrx_word' id='word_1_178' title='bbox 534 2164 669 2231; x_wconf 79' lang='lat' dir='ltr'>Scia</span> <span class='ocrx_word' id='word_1_179' title='bbox 701 2158 965 2213; x_wconf 84' lang='lat' dir='ltr'>videlicet</span> <span class='ocrx_word' id='word_1_180' title='bbox 1005 2159 1186 2214; x_wconf 84' lang='lat' dir='ltr'>virtus</span> <span class='ocrx_word' id='word_1_181' title='bbox 1221 2170 1278 2215; x_wconf 85' lang='lat' dir='ltr'>et</span> <span class='ocrx_word' id='word_1_182' title='bbox 1317 2180 1462 2232; x_wconf 86' lang='lat' dir='ltr'>quae</span> <span class='ocrx_word' id='word_1_183' title='bbox 1486 2180 1616 2216; x_wconf 89' lang='lat' dir='ltr'>cum</span> <span class='ocrx_word' id='word_1_184' title='bbox 1639 2179 1704 2214; x_wconf 86' lang='lat' dir='ltr'>ea</span> <span class='ocrx_word' id='word_1_185' title='bbox 1732 2159 2037 2213; x_wconf 87' lang='lat' dir='ltr'>coniuncta</span> 
     </span>
     <span class='ocr_line' id='line_1_25' title="bbox 292 2242 2037 2323; baseline -0.013 -9"><span class='ocrx_word' id='word_1_186' title='bbox 292 2263 419 2316; x_wconf 85' lang='lat' dir='ltr'>sunt</span> <span class='ocrx_word' id='word_1_187' title='bbox 439 2257 587 2312; x_wconf 86' lang='lat' dir='ltr'>bona</span> <span class='ocrx_word' id='word_1_188' title='bbox 623 2244 733 2312; x_wconf 84' lang='lat' dir='ltr'>dici</span> <span class='ocrx_word' id='word_1_189' title='bbox 751 2248 1003 2323; x_wconf 70' lang='lat' dir='ltr'>poffunt,</span> <span class='ocrx_word' id='word_1_190' title='bbox 1040 2245 1270 2317; x_wconf 82' lang='lat' dir='ltr'>ipsaque</span> <span class='ocrx_word' id='word_1_191' title='bbox 1296 2248 1556 2317; x_wconf 83' lang='lat' dir='ltr'>voluptas</span> <span class='ocrx_word' id='word_1_192' title='bbox 1579 2265 1612 2298; x_wconf 88' lang='lat' dir='ltr'>a</span> <span class='ocrx_word' id='word_1_193' title='bbox 1639 2243 1846 2298; x_wconf 77' lang='lat' dir='ltr'>virtute</span> <span class='ocrx_word' id='word_1_194' title='bbox 1872 2242 2037 2313; x_wconf 83' lang='lat' dir='ltr'>sepa-</span> 
     </span>
     <span class='ocr_line' id='line_1_26' title="bbox 293 2327 2036 2413; baseline -0.013 -11"><span class='ocrx_word' id='word_1_195' title='bbox 293 2346 410 2402; x_wconf 85' lang='lat' dir='ltr'>rari</span> <span class='ocrx_word' id='word_1_196' title='bbox 434 2340 628 2413; x_wconf 84' lang='lat' dir='ltr'>nequit</span> <span class='ocrx_word' id='word_1_197' title='bbox 637 2360 657 2406; x_wconf 81' lang='lat'>‚-</span> <span class='ocrx_word' id='word_1_198' title='bbox 693 2331 947 2410; x_wconf 80' lang='lat' dir='ltr'>alioquin</span> <span class='ocrx_word' id='word_1_199' title='bbox 974 2331 1063 2384; x_wconf 88' lang='lat' dir='ltr'>vel</span> <span class='ocrx_word' id='word_1_200' title='bbox 1085 2330 1145 2384; x_wconf 84' lang='lat' dir='ltr'>in</span> <span class='ocrx_word' id='word_1_201' title='bbox 1169 2347 1284 2383; x_wconf 84' lang='lat' dir='ltr'>una</span> <span class='ocrx_word' id='word_1_202' title='bbox 1298 2332 1589 2402; x_wconf 83' lang='lat' dir='ltr'>voluptate</span> <span class='ocrx_word' id='word_1_203' title='bbox 1606 2329 1830 2402; x_wconf 81' lang='lat' dir='ltr'>beatam</span> <span class='ocrx_word' id='word_1_204' title='bbox 1857 2327 2036 2380; x_wconf 82' lang='lat' dir='ltr'>vitam</span> 
     </span>
     <span class='ocr_line' id='line_1_27' title="bbox 292 2412 2039 2506; baseline -0.013 -19"><span class='ocrx_word' id='word_1_205' title='bbox 292 2430 431 2506; x_wconf 82' lang='lat' dir='ltr'>poni</span> <span class='ocrx_word' id='word_1_206' title='bbox 454 2435 737 2501; x_wconf 83' lang='lat' dir='ltr'>oporteret</span> <span class='ocrx_word' id='word_1_207' title='bbox 773 2418 948 2495; x_wconf 78' lang='lat' dir='ltr'>(quod</span> <span class='ocrx_word' id='word_1_208' title='bbox 979 2418 1018 2472; x_wconf 88' lang='lat' dir='ltr'><strong>fi</strong></span> <span class='ocrx_word' id='word_1_209' title='bbox 1045 2416 1123 2470; x_wconf 82' lang='lat' dir='ltr'>ita</span> <span class='ocrx_word' id='word_1_210' title='bbox 1149 2420 1297 2479; x_wconf 83' lang='lat' dir='ltr'>effet,</span> <span class='ocrx_word' id='word_1_211' title='bbox 1338 2417 1559 2469; x_wconf 82' lang='lat' dir='ltr'>virtutis</span> <span class='ocrx_word' id='word_1_212' title='bbox 1579 2415 1758 2469; x_wconf 86' lang='lat' dir='ltr'>studio</span> <span class='ocrx_word' id='word_1_213' title='bbox 1783 2412 2039 2486; x_wconf 75' lang='lat' dir='ltr'>inperse-</span> 
     </span>
     <span class='ocr_line' id='line_1_28' title="bbox 294 2497 2038 2587; baseline -0.013 -14"><span class='ocrx_word' id='word_1_214' title='bbox 294 2521 425 2573; x_wconf 84' lang='lat' dir='ltr'>dere</span> <span class='ocrx_word' id='word_1_215' title='bbox 449 2514 771 2587; x_wconf 79' lang='lat' dir='ltr'>poffemus),</span> <span class='ocrx_word' id='word_1_216' title='bbox 810 2510 901 2563; x_wconf 87' lang='lat' dir='ltr'>vel</span> <span class='ocrx_word' id='word_1_217' title='bbox 923 2503 1142 2572; x_wconf 79' lang='lat' dir='ltr'>iustitia,</span> <span class='ocrx_word' id='word_1_218' title='bbox 1182 2504 1350 2558; x_wconf 85' lang='lat' dir='ltr'>etiam</span> <span class='ocrx_word' id='word_1_219' title='bbox 1378 2502 1626 2566; x_wconf 85' lang='lat' dir='ltr'>seiuncta</span> <span class='ocrx_word' id='word_1_220' title='bbox 1653 2522 1687 2555; x_wconf 82' lang='lat' dir='ltr'>a</span> <span class='ocrx_word' id='word_1_221' title='bbox 1712 2497 2038 2554; x_wconf 84' lang='lat' dir='ltr'>iucundita-</span> 
     </span>
     <span class='ocr_line' id='line_1_29' title="bbox 295 2584 2037 2668; baseline -0.01 -15"><span class='ocrx_word' id='word_1_222' title='bbox 295 2614 371 2668; x_wconf 79' lang='lat' dir='ltr'>te,</span> <span class='ocrx_word' id='word_1_223' title='bbox 406 2597 649 2652; x_wconf 80' lang='lat' dir='ltr'>iucunda</span> <span class='ocrx_word' id='word_1_224' title='bbox 685 2596 790 2649; x_wconf 85' lang='lat' dir='ltr'>dici</span> <span class='ocrx_word' id='word_1_225' title='bbox 830 2595 1063 2649; x_wconf 84' lang='lat' dir='ltr'>deberet</span> <span class='ocrx_word' id='word_1_226' title='bbox 1098 2590 1272 2664; x_wconf 80' lang='lat'>(664).</span> <span class='ocrx_word' id='word_1_227' title='bbox 1344 2589 1583 2644; x_wconf 81' lang='lat' dir='ltr'>Diverse</span> <span class='ocrx_word' id='word_1_228' title='bbox 1608 2585 1834 2657; x_wconf 82' lang='lat' dir='ltr'>quidem</span> <span class='ocrx_word' id='word_1_229' title='bbox 1863 2584 2037 2637; x_wconf 84' lang='lat' dir='ltr'>etiam</span> 
     </span>
     <span class='ocr_line' id='line_1_30' title="bbox 218 2667 2037 2756; baseline -0.014 -12"><span class='ocrx_word' id='word_1_230' title='bbox 218 2724 225 2732; x_wconf 87' lang='lat'><strong>·</strong></span> <span class='ocrx_word' id='word_1_231' title='bbox 297 2691 368 2743; x_wconf 86' lang='lat' dir='ltr'>de</span> <span class='ocrx_word' id='word_1_232' title='bbox 391 2688 728 2756; x_wconf 83' lang='lat' dir='ltr'>hocgenere</span> <span class='ocrx_word' id='word_1_233' title='bbox 754 2681 1008 2739; x_wconf 85' lang='lat' dir='ltr'>homines</span> <span class='ocrx_word' id='word_1_234' title='bbox 1046 2679 1324 2743; x_wconf 84' lang='lat' dir='ltr'>sentiunt,</span> <span class='ocrx_word' id='word_1_235' title='bbox 1364 2683 1536 2748; x_wconf 86' lang='lat' dir='ltr'>prout</span> <span class='ocrx_word' id='word_1_236' title='bbox 1565 2673 1654 2727; x_wconf 86' lang='lat' dir='ltr'>vel</span> <span class='ocrx_word' id='word_1_237' title='bbox 1682 2690 1753 2723; x_wconf 83' lang='lat' dir='ltr'>ex</span> <span class='ocrx_word' id='word_1_238' title='bbox 1781 2670 1918 2722; x_wconf 82' lang='lat' dir='ltr'>iusto</span> <span class='ocrx_word' id='word_1_239' title='bbox 1946 2667 2037 2720; x_wconf 84' lang='lat' dir='ltr'>vel</span> 
     </span>
     <span class='ocr_line' id='line_1_31' title="bbox 283 2751 2035 2844; baseline -0.015 -15"><span class='ocrx_word' id='word_1_240' title='bbox 283 2793 371 2844; x_wconf 33' lang='lat' dir='ltr'>,ex</span> <span class='ocrx_word' id='word_1_241' title='bbox 400 2771 603 2827; x_wconf 87' lang='lat' dir='ltr'>iniusto</span> <span class='ocrx_word' id='word_1_242' title='bbox 640 2786 762 2823; x_wconf 83' lang='lat' dir='ltr'>rem</span> <span class='ocrx_word' id='word_1_243' title='bbox 803 2768 1079 2840; x_wconf 78' lang='lat' dir='ltr'>spectant3</span> <span class='ocrx_word' id='word_1_244' title='bbox 1134 2765 1223 2818; x_wconf 82' lang='lat' dir='ltr'>sed</span> <span class='ocrx_word' id='word_1_245' title='bbox 1263 2763 1395 2834; x_wconf 86' lang='lat' dir='ltr'>quia</span> <span class='ocrx_word' id='word_1_246' title='bbox 1419 2778 1589 2821; x_wconf 84' lang='lat' dir='ltr'>nemo</span> <span class='ocrx_word' id='word_1_247' title='bbox 1619 2756 1791 2829; x_wconf 88' lang='lat' dir='ltr'>potest</span> <span class='ocrx_word' id='word_1_248' title='bbox 1817 2753 1912 2807; x_wconf 81' lang='lat' dir='ltr'>nifi</span> <span class='ocrx_word' id='word_1_249' title='bbox 1937 2751 2035 2822; x_wconf 89' lang='lat' dir='ltr'>qui</span> 
     </span>
     <span class='ocr_line' id='line_1_32' title="bbox 297 2839 2036 2918; baseline -0.016 -3"><span class='ocrx_word' id='word_1_250' title='bbox 297 2860 467 2915; x_wconf 80' lang='lat' dir='ltr'>iustus</span> <span class='ocrx_word' id='word_1_251' title='bbox 513 2856 584 2908; x_wconf 86' lang='lat' dir='ltr'>est</span> <span class='ocrx_word' id='word_1_252' title='bbox 620 2854 728 2907; x_wconf 88' lang='lat' dir='ltr'>hoc</span> <span class='ocrx_word' id='word_1_253' title='bbox 769 2862 921 2906; x_wconf 84' lang='lat' dir='ltr'>recte</span> <span class='ocrx_word' id='word_1_254' title='bbox 958 2849 1235 2918; x_wconf 79' lang='lat' dir='ltr'>iudicare,</span> <span class='ocrx_word' id='word_1_255' title='bbox 1274 2849 1366 2903; x_wconf 82' lang='lat' dir='ltr'>hio</span> <span class='ocrx_word' id='word_1_256' title='bbox 1396 2855 1583 2908; x_wconf 65' lang='lat' dir='ltr'>‚autem</span> <span class='ocrx_word' id='word_1_257' title='bbox 1613 2841 1785 2895; x_wconf 80' lang='lat' dir='ltr'>vitam</span> <span class='ocrx_word' id='word_1_258' title='bbox 1811 2839 2036 2908; x_wconf 85' lang='lat' dir='ltr'>impro-</span> 
     </span>
     <span class='ocr_line' id='line_1_33' title="bbox 296 2923 2036 3008; baseline -0.014 -8"><span class='ocrx_word' id='word_1_259' title='bbox 296 2947 431 2999; x_wconf 83' lang='lat' dir='ltr'>bam</span> <span class='ocrx_word' id='word_1_260' title='bbox 445 2944 560 2997; x_wconf 76' lang='lat' dir='ltr'>non</span> <span class='ocrx_word' id='word_1_261' title='bbox 589 2941 762 2992; x_wconf 79' lang='lat' dir='ltr'>solum</span> <span class='ocrx_word' id='word_1_262' title='bbox 792 2936 1102 3008; x_wconf 85' lang='lat' dir='ltr'>turpiorem</span> <span class='ocrx_word' id='word_1_263' title='bbox 1129 2956 1192 2990; x_wconf 87' lang='lat' dir='ltr'>ac</span> <span class='ocrx_word' id='word_1_264' title='bbox 1214 2935 1490 3008; x_wconf 83' lang='lat' dir='ltr'>peiorem,</span> <span class='ocrx_word' id='word_1_265' title='bbox 1509 2946 1714 2985; x_wconf 86' lang='lat' dir='ltr'>verum</span> <span class='ocrx_word' id='word_1_266' title='bbox 1747 2925 1913 2978; x_wconf 85' lang='lat' dir='ltr'>etiam</span> <span class='ocrx_word' id='word_1_267' title='bbox 1941 2923 2036 2976; x_wconf 81' lang='lat' dir='ltr'>in·-</span> 
     </span>
     <span class='ocr_line' id='line_1_34' title="bbox 297 3006 2034 3085; baseline -0.015 1"><span class='ocrx_word' id='word_1_268' title='bbox 297 3030 608 3085; x_wconf 83' lang='lat' dir='ltr'>suaviorem</span> <span class='ocrx_word' id='word_1_269' title='bbox 641 3023 857 3079; x_wconf 81' lang='lat' dir='ltr'>habebit</span> <span class='ocrx_word' id='word_1_270' title='bbox 876 3060 891 3085; x_wconf 80' lang='grc'><em>,</em></span> <span class='ocrx_word' id='word_1_271' title='bbox 931 3019 1185 3085; x_wconf 83' lang='lat' dir='ltr'>efficitur,</span> <span class='ocrx_word' id='word_1_272' title='bbox 1223 3019 1482 3073; x_wconf 79' lang='lat' dir='ltr'>iustitiam</span> <span class='ocrx_word' id='word_1_273' title='bbox 1512 3026 1566 3068; x_wconf 83' lang='lat' dir='ltr'>et</span> <span class='ocrx_word' id='word_1_274' title='bbox 1595 3013 1868 3066; x_wconf 83' lang='lat' dir='ltr'>virtutem</span> <span class='ocrx_word' id='word_1_275' title='bbox 1899 3006 2034 3069; x_wconf 79' lang='lat' dir='ltr'>reli-</span> 
     </span>
     <span class='ocr_line' id='line_1_35' title="bbox 294 3093 2035 3189; baseline -0.014 -17"><span class='ocrx_word' id='word_1_276' title='bbox 294 3117 425 3189; x_wconf 69' lang='lat' dir='ltr'>‚quis</span> <span class='ocrx_word' id='word_1_277' title='bbox 461 3113 721 3170; x_wconf 77' lang='lat' dir='ltr'>omnibus</span> <span class='ocrx_word' id='word_1_278' title='bbox 764 3111 1050 3183; x_wconf 78' lang='lat' dir='ltr'>praestare.</span> <span class='ocrx_word' id='word_1_279' title='bbox 1126 3109 1497 3181; x_wconf 81' lang='lat' dir='ltr'>Quapropter</span> <span class='ocrx_word' id='word_1_280' title='bbox 1536 3104 1726 3173; x_wconf 81' lang='lat' dir='ltr'>legum</span> <span class='ocrx_word' id='word_1_281' title='bbox 1763 3098 1910 3153; x_wconf 78' lang='lat' dir='ltr'>lator</span> <span class='ocrx_word' id='word_1_282' title='bbox 1941 3093 2035 3148; x_wconf 86' lang='lat' dir='ltr'>in·-</span> 
     </span>
     <span class='ocr_line' id='line_1_36' title="bbox 298 3181 2034 3279; baseline -0.014 -22"><span class='ocrx_word' id='word_1_283' title='bbox 298 3199 498 3279; x_wconf 77' lang='lat' dir='ltr'>primis</span> <span class='ocrx_word' id='word_1_284' title='bbox 523 3197 769 3262; x_wconf 80' lang='lat' dir='ltr'>curabit,</span> <span class='ocrx_word' id='word_1_285' title='bbox 810 3206 867 3249; x_wconf 85' lang='lat' dir='ltr'>ut</span> <span class='ocrx_word' id='word_1_286' title='bbox 892 3196 996 3254; x_wconf 83' lang='lat' dir='ltr'>hac</span> <span class='ocrx_word' id='word_1_287' title='bbox 1020 3197 1077 3250; x_wconf 90' lang='lat' dir='ltr'>in</span> <span class='ocrx_word' id='word_1_288' title='bbox 1111 3192 1376 3248; x_wconf 79' lang='lat' dir='ltr'>sententia</span> <span class='ocrx_word' id='word_1_289' title='bbox 1407 3207 1600 3244; x_wconf 85' lang='lat' dir='ltr'>omnes</span> <span class='ocrx_word' id='word_1_290' title='bbox 1623 3187 1774 3243; x_wconf 84' lang='lat' dir='ltr'>inter</span> <span class='ocrx_word' id='word_1_291' title='bbox 1803 3183 1856 3236; x_wconf 87' lang='lat' dir='ltr'>se</span> <span class='ocrx_word' id='word_1_292' title='bbox 1886 3181 2034 3235; x_wconf 73' lang='lat' dir='ltr'>cives</span> 
     </span>
     <span class='ocr_line' id='line_1_37' title="bbox 297 3266 2035 3356; baseline -0.018 -6"><span class='ocrx_word' id='word_1_293' title='bbox 297 3285 621 3352; x_wconf 31' lang='lat' dir='ltr'>§onsscinanh</span> <span class='ocrx_word' id='word_1_294' title='bbox 661 3294 715 3343; x_wconf 75' lang='lat' dir='ltr'>et</span> <span class='ocrx_word' id='word_1_295' title='bbox 737 3293 852 3342; x_wconf 65' lang='lat' dir='ltr'>tam</span> <span class='ocrx_word' id='word_1_296' title='bbox 886 3283 1047 3355; x_wconf 83' lang='lat' dir='ltr'>pueri</span> <span class='ocrx_word' id='word_1_297' title='bbox 1075 3293 1237 3356; x_wconf 79' lang='lat' dir='ltr'>atque</span> <span class='ocrx_word' id='word_1_298' title='bbox 1264 3280 1633 3338; x_wconf 76' lang='lat' dir='ltr'>adolescentes</span> <span class='ocrx_word' id='word_1_299' title='bbox 1655 3287 1821 3346; x_wconf 86' lang='lat' dir='ltr'>quam</span> <span class='ocrx_word' id='word_1_300' title='bbox 1850 3266 2035 3332; x_wconf 74' lang='lat' dir='ltr'>senio-</span> 
     </span>
    </p>
   </div>
  </div>
 </body>
</html>
