2124 3672
819 165 1198 245 LEG‘Es
1274 189 1316 243 1.
1867 187 1934 244 4ι

211 333 285 389 de
317 330 439 406 ipso
474 330 720 386 instituto
761 347 988 404 quoque
1014 349 1287 386 conemur
1318 328 1635 385 disserendo
1660 332 1939 387 nobismet

210 417 335 491 ipfis
359 417 721 490 persuadere,
758 416 1022 472 victorias
1051 426 1106 471 et
1136 418 1320 472 clades
1345 411 1500 471 nunc
1521 416 1701 473 miffas
1728 416 1940 471 facien-

210 511 315 563 tes,
354 510 411 556 et
438 490 699 569 dicamus,
739 521 919 558 unum
946 503 1054 556 tale
1079 506 1185 557 effe
1205 502 1528 576 pulchrum,
1561 503 1802 555 alterum
1830 503 1941 555 tale

213 606 330 642 non
356 588 676 661 pulchrum.
723 588 970 662 primum
1007 608 1146 644 vero
1171 589 1361 643 audite
1388 608 1462 643 ex
1482 607 1574 642 me
1598 587 1669 640 de
1689 586 1777 640 his
1799 585 1942 660 ipfis,

215 673 495 747 quomodo
527 685 783 747 oporteat
809 673 1055 747 probum
1078 684 1133 727 et
1163 674 1486 749 improbum
1516 671 1819 750 explorari.

355 790 468 846 Me.
507 787 809 863 Quomodo
838 789 1010 861 igitur
1029 789 1208 844 dicis?

355 905 484 959 Ath.
532 905 813 960 Videntur
848 905 991 959 mihi
1024 922 1218 960 omnes
1257 903 1354 974 qui
1385 902 1455 955 de
1479 901 1727 957 instituto
1750 900 1979 973 aliquoae

218 988 505 1065 disputant
528 990 693 1059 idque
722 988 1022 1062 proferunt
1040 998 1120 1056 ut,
1155 989 1330 1042 statim
1373 998 1437 1042 ut
1466 987 1679 1041 dictum
1709 988 1810 1053 est,
1848 984 1946 1038 vi·-
1980 1025 1986 1028 ,

216 1085 484 1149 tuperent
506 1085 604 1129 aut
629 1074 875 1141 laudent,
903 1091 1257 1144 nequaquam
1284 1082 1438 1126 recte
1458 1072 1662 1134 facere,
1689 1071 1944 1125 sedidem

217 1162 572 1215 committere
610 1179 673 1214 ac
708 1161 743 1211 fi
764 1157 884 1229 quis
908 1158 1171 1212 laudante
1200 1158 1463 1232 quopiam
1495 1160 1717 1212 caseum
1748 1166 1813 1210 ut
1837 1157 1948 1209 bo-

215 1265 358 1302 num
380 1246 566 1299 cibum
595 1243 773 1298 statim
794 1243 1107 1316 vituperet,
1145 1263 1260 1298 non
1288 1245 1575 1315 explorato
1603 1244 1720 1298 eius
1745 1242 1948 1298 effectu

217 1349 399 1403 neque
428 1330 724 1384 adhibendi
746 1329 981 1393 ratione,
1000 1348 1111 1401 quo
1128 1338 1295 1402 pacto
1319 1339 1374 1382 et
1388 1329 1723 1400 quibusnam
1748 1339 1948 1404 etcum

217 1416 416 1488 quibus
446 1425 500 1468 et
517 1415 799 1487 quomodo
825 1424 1188 1487 praeparatus
1221 1424 1276 1467 et
1298 1416 1580 1487 quomodo
1607 1415 1820 1489 affectis
1843 1414 1949 1467 ad-

215 1502 506 1559 bibendus.
520 1505 600 1555 fit.
650 1522 804 1555 nuno
827 1501 1000 1572 igitur
1026 1500 1174 1553 idem
1199 1500 1340 1554 mihi
1366 1501 1629 1556 videmur
1649 1502 1708 1555 in
1733 1503 1950 1554 sermo-

217 1588 384 1647 nibus
409 1588 607 1642 nostris
630 1580 818 1657 faeere
832 1608 850 1654 3
878 1587 946 1639 de
963 1585 1230 1649 ebrietate
1246 1587 1397 1641 enim
1411 1587 1516 1641 hoo
1533 1597 1754 1641 tantum
1769 1604 1947 1656 quum

219 1674 551 1741 auffivimm,
588 1675 767 1728 statim
795 1692 916 1726 eam
938 1672 1145 1743 partim
1172 1674 1563 1746 vituperamus
1592 1673 1798 1748 partim
1822 1673 1951 1725 lau-

219 1762 444 1827 danim,
482 1759 645 1831 idque
681 1757 841 1812 valde
878 1757 1146 1824 absurde3
1180 1756 1336 1812 ‘testes
1363 1759 1514 1814 enim
1543 1769 1598 1812 et
1619 1759 1950 1832 probatores

222 1845 547 1900 adhibentes
570 1843 795 1914 utrique
824 1842 1147 1915 probamuS,
1167 1854 1220 1896 et
1239 1845 1370 1914 quia
1393 1845 1596 1899 multos
1620 1846 1951 1909 excitamus,

222 1930 565 1985 arbitramur
597 1947 698 1981 nos
740 1925 954 1998 aliquid
1003 1929 1109 1982 rati
1155 1929 1367 1996 dicere,
1428 1930 1595 1985 alteri
1628 1948 1765 1983 vero
1800 1929 1950 1983 idem

223 2015 571 2070 arbitrantur
596 2012 728 2083 quia
753 2012 950 2066 vident
975 2031 1066 2066 eos
1094 2013 1191 2084 qui
1207 2013 1302 2067 illa
1316 2033 1431 2067 non
1448 2024 1691 2068 utuntur
1702 2033 1954 2089 pugnan-

225 2102 297 2158 do
321 2102 675 2172 superantes;
731 2097 1106 2169 disceptamus
1145 2118 1280 2153 vero
1323 2098 1488 2152 etiam
1512 2100 1581 2153 de
1601 2100 1724 2155 hoc.
1776 2099 1887 2154 iam
1915 2102 1954 2154 fi

222 2187 302 2245 ita
324 2185 490 2253 etiam
521 2184 591 2236 de
618 2181 840 2255 reliquis
871 2183 1087 2252 fingulis
1119 2201 1483 2256 exponemu3‚
1521 2186 1854 2257 neutiquam
1886 2205 1957 2240 ex

222 2290 352 2328 mea
378 2268 602 2341 quidem
633 2267 901 2321 sententia
928 2267 1277 2322 disseremus.
1316 2269 1594 2323 rationem
1623 2288 1762 2325 vero
1787 2270 1957 2325 aliam

225 2375 347 2429 qua·
365 2353 506 2409 mihi
532 2353 791 2408 videatur
817 2354 1222 2427 disputandum
1257 2359 1362 2409 effe
1387 2357 1516 2410 volo
1544 2356 1730 2410 dicere
1759 2355 1827 2410 de
1847 2356 1958 2409 hoe

223 2443 362 2516 ipso,
402 2440 470 2495 de
495 2439 779 2504 ebrietate,
823 2438 1143 2507 periculum
1165 2440 1390 2510 faciens,
1428 2462 1496 2497 an
1517 2444 1709 2516 possim
1743 2455 1956 2501 rectam

227 2529 297 2582 de
335 2525 422 2580 his
463 2525 723 2580 omnibus
773 2525 1094 2597 disputandi
1133 2527 1334 2581 sectam
1373 2530 1758 2599 rationemque
1799 2533 1958 2587 vobis

229 2613 532 2677 declarare,
577 2610 842 2680 quoniam
883 2610 1319 2666 innumerabiles
1361 2613 1614 2668 nationes
1645 2615 1714 2668 de
1735 2615 1820 2670 his
1842 2618 1959 2671 dis-

231 2698 516 2771 ceptantes
557 2714 685 2749 cum
733 2693 951 2751 duabus
992 2698 1183 2753 nostris
1226 2698 1543 2754 civitatibus
1593 2701 1773 2757 verbis
1819 2724 1959 2759 con-

229 2782 484 2837 tendent.

347 2881 484 2955 -Ma
547 2880 694 2935 Sane
731 2883 768 2937 fi
802 2900 968 2953 quam
1007 2882 1275 2938 habemus
1309 2894 1521 2939 rectam
1560 2886 1631 2939 de
1671 2886 1756 2941 his
1791 2889 1957 2945 rebus

236 2965 535 3036 quaerendi
558 2967 853 3034 rationem,
891 2967 1038 3022 haud
1066 2970 1444 3025 cunctandum
1485 2971 1558 3022 est
1591 2972 1806 3028 audire.

376 3061 494 3116 ath.
531 3064 949 3121 Consideremus
979 3068 1143 3139 igitur
1165 3070 1241 3124 ita
1274 3068 1403 3126 fere.
1481 3070 1739 3141 agedum,
1780 3078 1812 3127 fi
1838 3076 1960 3147 quis

237 3166 535 3220 caprarum
585 3150 797 3205 cultum
848 3151 1143 3225 ipsumque
1195 3155 1404 3209 animal
1457 3166 1516 3208 ut
1573 3156 1777 3213 bonam
1836 3179 1957 3214 rem

237 3234 457 3293 laudet.
496 3234 645 3287 ‘alius
687 3254 861 3304 vero,
910 3239 1004 3309 qui
1049 3260 1242 3313 capras
1280 3242 1385 3293 fine
1438 3242 1688 3314 caprario
1731 3245 1961 3315 pascen-

240 3329 323 3374 tes
382 3329 435 3373 et
487 3319 607 3374 loen
673 3320 819 3375 culta
872 3324 1176 3382 laedentes„
1209 3327 1446 3395 viderit,
1533 3348 1633 3397 eas,
1681 3327 1959 3399 vituperet
