2210 3672
777 220 1159 278 Lucus
1224 220 1276 276 1.
1815 231 1880 285 5,

160 372 293 426 fieae
328 367 543 422 ratione
579 386 692 420 non
735 366 908 436 magis
946 367 1094 419 clare
1119 375 1175 418 et
1205 365 1368 435 plene
1395 365 1648 419 oratione
1676 374 1883 440 poterit

158 452 450 526 explicari,
488 471 654 523 quam
681 453 880 504 musica
906 452 1015 503 fine
1039 449 1305 502 universo
1331 451 1503 504 animi
1529 452 1678 505 cultu
1689 474 1708 522 5
1743 455 1884 512 haec

154 549 342 595 autem
361 537 667 610 permultas
688 536 999 588 desiderant
1022 534 1314 589 orationes.
1351 535 1538 589 videte
1558 536 1731 610 igitur
1748 543 1882 612 quid

99 686 105 701 ι
153 624 505 688 faciundum,
542 621 756 675 haecne
785 621 844 674 in
875 619 1191 693 praesentia
1224 621 1512 675 mittamus
1538 632 1591 675 et
1616 625 1685 679 ad
1706 625 1881 683 alium

154 708 227 763 de
248 707 462 780 legibus
487 707 786 761 serendum
808 714 1155 760 transeamus
1184 706 1507 760 sermonem.

292 836 407 891 Me.
459 836 508 889 O
537 836 731 908 holpes
759 834 1133 898 Athenienfi3‚
1178 852 1293 885 non
1321 830 1453 886 nosti
1477 832 1731 901 fortasse,
1760 841 1880 899 'lari

152 924 333 977 nostro
369 919 637 976 familiari
670 938 798 973 cum
827 918 966 972 urbe
994 918 1170 972 vestra
1192 918 1492 991 hospitium
1519 919 1879 982 intercedere.

149 1005 373 1062 fortass‘e
400 1006 568 1077 igitur
599 1004 764 1057 etiam
783 1021 976 1057 omnes
999 1001 1179 1073 pueri,
1207 1021 1381 1073 quum
1405 1003 1730 1064 audiverint
1752 1030 1880 1068 cum

151 1092 373 1146 civitate
395 1091 583 1161 aliqua
612 1089 913 1160 hospitium
962 1088 1054 1140 fibi
1082 1088 1443 1157 intercedere,
1473 1085 1630 1144 hanc*
1655 1094 1727 1145 ob
1756 1115 1883 1153 cau-

148 1180 268 1231 sam
306 1171 688 1230 benivolentia
733 1172 977 1244 quadam
1021 1192 1054 1226 a
1110 1174 1320 1228 teneris
1367 1174 1545 1230 statim
1596 1185 1882 1252 tenentur,

151 1264 361 1335 quippe
385 1261 479 1333 qui
497 1259 772 1321 civitatem
800 1259 956 1311 euius
984 1258 1227 1332 hospites
1249 1261 1352 1312 sint
1382 1261 1618 1316 alteram
1638 1267 1881 1335 patriam

147 1347 448 1401 secundum
498 1346 653 1398 suam
712 1343 910 1396 urbem
951 1343 1225 1411 habeant3
1273 1353 1441 1416 atque
1476 1344 1619 1401 mihi
1662 1368 1883 1424 quoque

145 1432 299 1488 idem
335 1431 445 1485 hoc
473 1449 623 1483 nunc
653 1428 867 1485 accidit.
908 1431 1140 1483 audiens
1162 1431 1312 1484 enim
1337 1448 1368 1483 a
1396 1449 1567 1502 puero
1601 1433 1800 1506 statim,
1838 1439 1881 1490 fi

148 1517 282 1591 quid
319 1515 710 1589 vituperarent
754 1525 852 1567 aut
898 1514 1192 1568 laudarent
1236 1508 1663 1574 Lacedaemonii
1697 1522 1882 1578 Athe..

145 1603 390 1664 nienseS,
445 1601 719 1655 dicentes:
771 1599 967 1653 civitas
1003 1598 1207 1667 vestra,
1258 1622 1290 1653 o
1325 1600 1569 1674 Megille,
1605 1623 1721 1660 non
1747 1608 1882 1663 boni

146 1697 246 1741 aut
274 1687 403 1742 boni
433 1685 566 1760 quid
599 1684 760 1738 nobis
796 1684 1008 1738 intulit:
1048 1685 1185 1739 haec
1209 1687 1382 1758 igitur
1405 1684 1634 1744 audiens
1663 1700 1719 1746 et
1742 1711 1882 1766 pug-

149 1791 289 1827 nans
320 1771 582 1827 adversus
613 1771 710 1824 illa
737 1789 841 1842 pro
878 1770 1034 1824 vobis
1058 1772 1280 1842 semper
1302 1792 1430 1827 cum
1455 1772 1530 1827 eis
1557 1774 1658 1847 qui
1680 1766 1882 1834 civita-

146 1863 262 1912 tem
293 1857 353 1911 in
367 1856 839 1929 vituperationem
865 1854 1210 1909 adducerent
1232 1876 1457 1911 omnem
1473 1858 1747 1917 habebam
1776 1863 1882 1919 be-

146 1942 531 1997 nivolentiam.
608 1950 776 2010 atque
816 1938 958 1991 mihi
998 1958 1150 1992 nunc
1188 1960 1304 1995 vox
1340 1945 1516 1998 vestra
1536 1955 1695 2015 grata
1725 1947 1800 2002 est
1828 1963 1884 2005 et

147 2026 295 2099 quod
336 2028 502 2082 multi
535 2026 758 2090 dicunt,
805 2024 1146 2102 quicumque
1191 2025 1556 2081 Athenienses
1590 2028 1722 2086 boni
1759 2035 1881 2101 sint,

146 2132 238 2167 eos
267 2112 549 2182 insigniter
585 2111 720 2163 tales
755 2112 883 2174 effe,
931 2106 988 2160 id
1030 2098 1254 2163 vid‘etur
1287 2112 1557 2166 verisfime
1591 2111 1733 2179 dici;
1773 2118 1870 2172 soli

146 2198 300 2253 enim
334 2196 490 2252 nulla
524 2194 836 2248 necessitate
876 2191 1144 2259 adstricti,
1183 2195 1376 2268 suapte
1412 2205 1643 2264 natura,
1681 2198 1869 2256 divina

144 2285 305 2353 sorte,
341 2301 486 2348 vere,
524 2287 639 2332 n‘on
663 2276 792 2330 ficte
818 2287 874 2331 et
903 2269 1181 2340 fimulate,
1238 2281 1369 2333 sunt
1395 2279 1546 2335 boni.
1614 2284 1874 2354 quocirca

139 2370 379 2426 fidenter
405 2384 532 2423 mea
565 2365 726 2418 causa
753 2362 844 2415 dic
863 2369 1081 2418 tantum
1110 2372 1382 2434 quantum
1406 2365 1673 2421 volueris.

288 2495 372 2550 Cl.
422 2494 596 2559 Sane,
636 2492 860 2565 hospeS,
900 2509 1026 2544 mea
1065 2506 1287 2562 quoque
1318 2492 1574 2547 oratione
1596 2496 1785 2552 audita
1815 2510 1871 2562 et

144 2594 372 2654 accepta
403 2580 645 2634 fidenter
665 2586 1186 2647 quantumcumque
1209 2576 1455 2630 volueris
1477 2579 1686 2649 profer.
1749 2582 1873 2638 for-

145 2663 272 2723 ‘tasse
295 2666 445 2738 enim
469 2665 584 2718 iam
622 2661 875 2716 audivisti
896 2660 1290 2733 Epimenidem
1315 2659 1480 2716 fuiffe
1500 2664 1689 2720 virum
1717 2669 1861 2724 divi-

143 2771 312 2819 num,
352 2749 716 2823 quit'quidem
758 2747 916 2801 nobis
958 2746 1310 2819 propinquus
1346 2755 1498 2815 erat3
1546 2748 1639 2803 hic
1676 2752 1871 2808 decem

146 2846 278 2897 ante
308 2836 585 2892 Perficum
623 2833 832 2888 bellum
870 2831 1030 2887 annis
1065 2833 1134 2887 ad
1174 2851 1273 2885 vos
1300 2832 1458 2886 venit
1484 2843 1538 2888 et
1562 2835 1868 2892 secundum

145 2917 237 2974 dei
263 2920 548 2974 oraculum
570 2918 838 2973 sacrificia
861 2916 1138 2989 quaedam
1168 2916 1328 2978 fecit,
1371 2936 1513 2988 quae
1540 2919 1675 2990 deus
1700 2942 1869 2995 prae-

147 3011 388 3077 ceperat,
423 3011 591 3074 atque
625 3004 790 3058 etiam
829 3003 1263 3058 formidantibus
1291 3003 1708 3060 Atheniensibus
1728 3008 1868 3061 Per-

145 3092 306 3142 ficam
327 3086 539 3142 claffem
565 3090 863 3159 praedixit,
876 3090 1024 3144 intra
1042 3089 1233 3142 decem
1249 3107 1422 3143 annos
1445 3108 1562 3142 non
1578 3100 1864 3162 venturos,

146 3182 202 3227 et
228 3190 401 3244 quum
423 3170 688 3226 veniffent
705 3213 721 3241 ,
758 3174 1073 3229 disceffuros
1114 3178 1216 3228 effe
1238 3175 1361 3227 illos
1385 3193 1448 3226 re
1474 3172 1679 3228 infecta
1700 3177 1865 3248 plura

145 3259 292 3312 mala
319 3259 591 3330 perpessos
617 3274 784 3326 quam
810 3259 906 3330 ipfi
932 3258 1252 3312 intuliss'ent.
1326 3267 1447 3311 tum
1476 3258 1647 3330 igitur
1670 3260 1862 3332 hospi-

150 3343 288 3396 tium
326 3340 609 3397 vobiscum
638 3341 1050 3396 coniunxerunt
1071 3342 1306 3397 maiores
1332 3343 1517 3411 nostri,
1542 3333 1596 3399 et
1622 3345 1860 3399 benivo-

1403 3430 1520 3483 Dz
