2124 3672
846 191 1341 251 LEGESL
1893 194 1961 252 55

232 338 613 416 praebebunt,
662 336 988 392 hominibus
1027 353 1455 406 nonnumquam
1488 338 1713 408 prorsus
1752 339 1961 409 pravis,

234 436 293 479 et
329 426 581 481 animum
627 422 908 478 habebunt
939 423 1146 492 partim
1172 422 1427 475 servilem
1461 421 1671 495 parlim
1697 421 1962 492 liberum,

233 528 339 564 nec
366 510 519 582 digni
548 518 714 564 erunt
740 507 836 579 qui
869 508 1191 581 simpliciter
1216 507 1388 561 fortes
1416 515 1474 560 et
1492 505 1746 560 liberales
1771 510 1965 580 appel-

233 596 437 650 lentur.
510 594 694 648 videte
717 593 891 665 igitur
917 612 990 647 an
1021 594 1155 663 quid
1182 613 1375 647 eorum
1403 604 1544 663 quae
1572 610 1726 647 nunc
1745 594 1966 667 prolata

235 682 365 735 sunt
390 680 554 735 vobis
581 689 733 735 recte
760 679 1015 732 videatur
1053 679 1265 733 dictum
1295 683 1413 733 effe.

378 806 460 862 Cl.
499 807 779 864 Videntur
805 805 1031 878 quidem
1060 805 1220 860 nobis
1234 804 1650 878 quodammodo
1673 806 1811 863 dum
1830 825 1965 880 pro-

236 891 514 953 feruntur,
543 893 602 946 in
632 893 802 946 tantis
824 911 955 944 vero
980 891 1148 944 rebus
1175 890 1352 943 statim
1383 890 1551 944 fidem
1576 890 1785 945 habere
1804 889 1972 946 facile

238 978 370 1033 vide
394 998 468 1034 ne
489 980 758 1032 iuvenum
785 977 957 1048 magis
983 978 1042 1030 fit
1068 986 1123 1031 et
1148 974 1539 1048 insipientium.

379 1107 510 1163 Am.
548 1106 621 1161 At
646 1108 680 1159 fi
706 1104 907 1159 deinde
934 1121 1280 1174 exponemus
1304 1121 1449 1173 quae
1475 1104 1899 1178 proposuimus,
1939 1125 1975 1159 o

240 1190 420 1245 Clinia
454 1200 508 1244 et
529 1189 973 1243 Lacedaemonie
997 1189 1193 1261 hospes
1220 1190 1375 1261 (post
1398 1189 1791 1245 fortitudinem
1821 1193 1976 1247 enim

238 1277 308 1329 de
345 1276 716 1372 temperantia
754 1273 1117 1345 loquamur),
1154 1275 1287 1346 quid
1315 1274 1560 1328 diverfi
1543 1295 1603 1329 m
1617 1275 1704 1329 his
1727 1276 1976 1332 civitati-

238 1362 343 1415 bus
381 1372 435 1414 et
466 1361 526 1414 in
562 1360 639 1413 eis
681 1379 824 1430 quae
867 1370 1079 1414 temere
1112 1360 1574 1415 administrantur
1603 1360 2004 1432 inveniemus,¹

238 1446 757 1518 quemadmodum
741 1466 801 1499 111
826 1447 991 1501 rebus
1023 1446 1356 1500 militaiibus
1384 1448 1591 1518 supra?

378 1573 494 1631 Me.
568 1574 732 1629 Haud
776 1573 938 1627 facile
974 1572 1127 1640 fen-:3
1183 1574 1452 1629 videntur
1484 1585 1675 1629 tamen
1716 1575 1981 1654 convivia

240 1660 559 1714 communia
583 1670 639 1714 et
657 1661 943 1733 gymnafia
967 1660 1205 1732 pulchre
1228 1660 1464 1714 inventa
1491 1665 1593 1715 effe
1606 1662 1677 1716 ad
1690 1655 1977 1735 utrasque.

324 1802 329 1805 “
383 1789 518 1845 ΑιῘι.
554 1788 794 1845 Videtur
820 1788 965 1853 sane,
990 1807 1023 1841 o
1048 1786 1304 1859 hospites,
1348 1786 1575 1842 difficile
1595 1793 1700 1843 esse
1725 1788 1978 1851 derebus

242 1873 314 1927 ad
342 1874 628 1928 civitatem
672 1871 1048 1946 spectantibus
1084 1890 1263 1941 aeque
1286 1891 1348 1925 re
1377 1883 1433 1925 et
1460 1873 1645 1928 verbis
1670 1875 1824 1929 haud
1851 1895 1981 1930 am·-

242 1958 446 2029 bigere.
519 1959 750 2012 videtur
786 1959 967 2022 enim,
1019 1948 1502 2027 quemadmodum
1532 1961 1593 2012 in
1627 1961 1980 2030 corporibus,

243 2043 392 2096 haud
424 2042 586 2096 facile
609 2047 712 2097 effe
746 2044 847 2096 uni
883 2041 1109 2113 corpori
1136 2061 1315 2094 unum
1342 2043 1580 2097 studium
1606 2044 1983 2116 praescribere

245 2127 522 2200 quod'non
540 2129 689 2181 idem
715 2126 1034 2200 reperiatur
1056 2127 1264 2198 partim
1287 2145 1523 2200 corpora
1547 2131 1728 2181 nostra
1752 2130 1980 2184 laedens

243 2213 454 2285 partim
493 2214 730 2278 iuvan83
771 2231 901 2264 nam
938 2213 1223 2283 gymnasia
1262 2228 1486 2281 quoque
1516 2212 1613 2266 illa
1636 2223 1692 2267 et
1719 2215 1981 2270 convivia

245 2297 569 2352 communia
591 2297 782 2350 multis
807 2297 924 2350 aliis
949 2298 1009 2350 in
1037 2296 1206 2348 rebus
1221 2314 1373 2351 nunc
1398 2291 1626 2367 prosunt
1642 2297 1975 2361 civitatibu3‚

246 2384 316 2438 ad
356 2383 646 2437 seditiones
682 2401 816 2436 vero
851 2382 1046 2454 gravia
1080 2383 1135 2434 se
1163 2380 1462 2449 exhibent3
1502 2383 1651 2453 quod
1682 2384 1980 2439 ostendunt

245 2469 611 2530 Milefiorum‚
631 2457 973 2524 Boeotorum
1006 2477 1058 2521 et
1079 2466 1432 2521 Thuriorum
1460 2467 1581 2522 filii.
1618 2479 1786 2540 atque
1807 2470 1979 2525 etiam

246 2555 557 2609 institutum
580 2554 688 2608 hoc
710 2573 742 2606 a
766 2554 1005 2626 pristinis
1028 2553 1157 2607 inde
1182 2553 1530 2626 temporibus
1555 2555 1680 2627 lege
1705 2555 1979 2609 sancitum

248 2642 529 2696 naturales
553 2639 758 2694 amoris
782 2639 1151 2711 appetitiones
1179 2658 1295 2696 non
1316 2639 1498 2693 solum
1524 2639 1841 2708 hominum,
1878 2660 1979 2694 ve-

199 2726 212 2738 ‘
248 2746 382 2782 rum
405 2727 575 2788 etiam
596 2722 923 2780 animalium
944 2724 1168 2779 videtur
1188 2725 1508 2799 corrupisse.
1560 2726 1721 2781 cuius
1745 2726 1974 2800 quidem

250 2812 338 2867 rei
359 2813 578 2867 causam
605 2811 799 2865 vestris
830 2810 1143 2865 civitatibus
1170 2810 1369 2882 primis
1400 2811 1682 2884 quispiam
1711 2812 1976 2866 attribue-

215 2916 218 2918 ·
252 2897 334 2952 rit
350 2898 716 2970 omnibusque
743 2896 971 2967 reliquis
995 2914 1138 2967 quae
1163 2896 1409 2951 maxime
1431 2897 1850 2952 exercitationes
1868 2915 1979 2968 gy-

256 2983 538 3036 mnasticas
562 2984 874 3055 attingunt3
908 2991 959 3034 et
986 2983 1092 3035 five
1114 2982 1233 3036 ioco
1262 2984 1368 3035 five
1413 2982 1554 3035 ferio
1587 2983 1692 3036 hoc
1723 2979 1978 3054 reputari

256 3075 497 3137 oportet,
511 3068 902 3140 reputandum,
918 3067 1177 3122 muliebri
1200 3077 1254 3121 et
1278 3067 1427 3122 virili
1454 3077 1689 3122 naturae
1709 3067 1778 3120 ad
1804 3084 1976 3137 gene-

256 3150 418 3204 randi
458 3153 916 3208 communitatem
953 3152 1211 3226 pergenti
1230 3153 1376 3206 hanc
1401 3153 1740 3227 voluptatem
1768 3151 1974 3203 secun-
2037 3176 2046 3188 =

260 3236 395 3289 dum
422 3244 680 3290 naturam
703 3237 880 3293 videri
905 3239 1170 3294 tributam
1199 3243 1321 3303 effe,
1356 3237 1607 3292 virorum
1627 3248 1815 3293 autem
1841 3253 1970 3288 cum

260 3321 395 3374 viris
407 3330 459 3375 et
476 3319 776 3375 mulierum
791 3340 918 3377 cum
933 3323 1254 3379 mulieribus
1269 3326 1529 3379 consuetu
1538 3324 1725 3378 dinem
1740 3330 1975 3377 naturae

1513 3406 1558 3457 C
1595 3412 1630 3460 2
