2176 3672
773 242 821 297 L
862 238 911 296 Ε
948 204 1005 296 (ἶ
1039 238 1088 295 Ε
1135 238 1174 295 s
1245 240 1341 294 111.
1809 248 1911 305 163

314 389 426 444 Me.
463 386 621 440 Patet
643 402 799 439 vero.

311 456 459 527 Affa-
500 472 575 525 Et
610 470 717 524 hoe
753 468 980 540 quidem
1020 469 1277 542 plerique
1318 467 1681 541 praecipiunt*
1712 470 1902 542 legum

170 556 438 611 latoribus
473 564 541 609 ut
574 555 708 608 tales
745 551 930 609 ferant
971 555 1154 625 lege3‚
1205 571 1343 623 quas
1378 553 1532 606 ultro
1566 556 1808 629 populus
1847 568 1904 612 et

167 642 470 696 multitudo
499 637 793 707 accipiant,
825 642 977 694 velut
1008 642 1042 693 fi
1065 639 1188 711 quis
1214 638 1605 694 exercitiorum
1632 641 1903 713 magistlis

167 726 259 781 vel
290 727 516 782 medicis
544 722 846 797 piaccipiat
875 736 937 778 ut
963 744 1092 778 cum
1106 725 1392 798 voluptate
1417 735 1616 780 ουιειιῑ
1636 737 1692 781 et
1710 730 1903 785 sanent

166 831 369 886 cor-pon
373 833 403 867 a
430 808 707 866 curationi
731 809 858 861 suae
884 819 936 862 tu
940 810 1106 864 adita.

308 901 418 956 .Me.
459 898 686 951 Psorsus
717 896 769 945 se
790 893 865 946 ita
891 913 979 947 ies
1004 893 1193 949 habet.

309 981 449 1041 Atlz.
502 980 738 1052 Saepius
774 986 961 1033 tamen
1004 978 1064 1032 in
1103 978 1213 1032 hoc
1251 978 1713 1052 acquiescendum
1731 985 1821 1050 est,
1858 985 1898 1036 fi

161 1069 442 1138 quiscum
481 1068 676 1121 dolore
705 1083 820 1116 non
860 1063 939 1119 ita
971 1081 1176 1135 magno
1198 1062 1364 1137 poffit
1388 1064 1531 1119 bene
1553 1066 1820 1123 habentia
1836 1079 1899 1122 et

161 1151 289 1205 sana
318 1171 554 1224 corpora
584 1151 821 1206 efficere.

302 1240 414 1294 Me.
456 1236 716 1310 Quidni?

300 1324 436 1379 Aah.
476 1323 659 1377 Etiam
698 1320 808 1373 hoc
848 1327 1138 1391 piaeterea
1172 1318 1281 1375 illis
1318 1321 1517 1394 obtigit
1547 1323 1702 1398 quod
1728 1305 1898 1379 haud

156 1425 398 1481 parvum
429 1416 781 1462 momentum
808 1405 975 1459 habet
1000 1406 1070 1459 ad
1093 1408 1240 1478 leges
1263 1406 1484 1462 facilius
1507 1409 1839 1468 scribendas,

295 1494 406 1550 ⁴Me.
448 1492 736 1564 Quidnam
756 1492 782 1544 ’ἶ

294 1578 441 1637 Aah:
489 1578 614 1631 Non
647 1577 1007 1629 incurrebant
1045 1576 1228 1649 legum
1259 1577 1464 1631 latores
1499 1579 1808 1634 maximam
1834 1581 1895 1636 in

151 1664 635 1737 reprehensionem
665 1662 1055 1732 aequalitatem
1073 1664 1349 1732 quandam
1374 1663 1655 1719 bonorum
1679 1667 1893 1721 civibus

154 1749 572 1815 constituentes,
612 1765 753 1817 quae
776 1747 1001 1816 quidem
1033 1747 1091 1799 in
1123 1748 1244 1802 aliis
1272 1751 1467 1803 multis
1489 1749 1725 1805 urbibus
1750 1753 1894 1823 legi·-

150 1837 259 1890 bus
289 1833 565 1888 instructis
580 1832 869 1901 contingit,
886 1833 919 1883 fi
936 1833 1056 1901 quis
1073 1831 1322 1888 instituat
1334 1853 1600 1904 agrorum
1615 1836 1890 1907 poffeffio·

151 1940 281 1976 nem
319 1938 548 1974 movere
584 1934 874 1986 novasque
914 1916 1123 1969 tabulas
1162 1916 1379 1984 facere,
1425 1918 1739 1993 intelligens
1771 1943 1890 1978 non

151 2012 303 2082 poss‘e
345 2009 457 2061 sme
496 2006 582 2058 his
618 2020 889 2073 umquam
920 2002 1312 2071 aequalitatem
1340 2003 1467 2057 satis
1498 2005 1712 2074 parat-ig
1752 2026 1889 2063 nam

148 2092 455 2147 instituenti
486 2091 623 2161 legis
660 2087 822 2142 latori
858 2088 965 2141 tale
993 2088 1128 2158 quid
1166 2107 1397 2141 movere
1425 2088 1610 2159 quivis
1642 2092 1886 2147 occurrit

147 2179 546 2233 adhortans-ne
571 2184 794 2230 moveat
817 2192 926 2225 non
956 2173 1231 2225 movenda
1251 2211 1264 2234 ,
1305 2181 1363 2225 et
1396 2173 1689 2229 detestatur
1714 2189 1889 2248 agro..

146 2282 275 2318 rum
306 2262 595 2315 divifiones
641 2277 929 2328 novasque
959 2257 1176 2310 tabulas
1205 2258 1560 2312 suadentem:
1600 2262 1888 2328 utconfilii

145 2347 337 2421 inopia
380 2347 561 2418 quivis
611 2345 900 2398 afficiatur.
974 2342 1221 2409 Doribus
1266 2354 1458 2396 autem
1508 2342 1614 2397 hoc
1657 2364 1886 2417 quoque

143 2432 447 2505 praeclare
472 2444 527 2486 et
568 2434 678 2486 fine
720 2431 833 2484 ulla
861 2427 1160 2482 offensione
1187 2427 1407 2494 licebat,
1444 2445 1604 2499 agros
1631 2430 1744 2483 fine
1769 2430 1886 2485 ulla

143 2519 517 2573 controversia
541 2515 897 2583 distribuere,
913 2533 1018 2569 uec
1043 2529 1315 2585 magnum
1342 2523 1617 2587 vetusque
1637 2533 1734 2570 aes
1752 2517 1885 2572 alie..

143 2621 283 2658 num
312 2602 615 2659 habebant.
691 2660 698 2667 .

281 2688 395 2746 Me.
431 2690 600 2746 Vera.
1087 2735 1089 2737 ,
1212 2750 1214 2753 ¹

283 2773 422 2828 Ath.
470 2774 602 2847 Quo
633 2771 806 2843 igitur
832 2782 1036 2845 pacm,
1073 2769 1188 2824 viri
1216 2767 1453 2842 optimi,
1489 2778 1607 2824 tam
1630 2770 1780 2824 male
1805 2769 1883 2824 eis

146 2854 297 2910 ceffit
319 2857 560 2911 civitatis
582 2858 894 2911 constitutio
916 2858 1218 2929 legumque
1231 2853 1414 2909 jatio?

287 2939 397 2994 Me.
436 2940 568 3013 Quo
597 2942 824 2996 tandem
853 2943 1044 3009 mode,
1063 2941 1197 2995 etin
1230 2959 1339 3012 qua
1367 2959 1430 2994 re
1457 2958 1549 2994 eos
1565 2939 1879 3012 reprehen-

147 3025 283 3079 dens
306 3024 410 3076 hoc
436 3025 567 3076 dieis
578 3025 659 3077 2.

286 3106 422 3166 ΑιΙι.
461 3109 525 3161 In
552 3085 661 3162 'hoc
687 3112 1054 3185 quod,quum
1059 3122 1168 3175 tres
1186 3110 1406 3166 fuiffent
1429 3109 1697 3173 civitates,
1729 3106 1876 3162 duae

145 3214 241 3248 ean
247 3213 341 3246 um
356 3211 457 3264 pai
464 3202 542 3243 tes
558 3191 712 3244 brevi
733 3204 786 3245 et
806 3214 924 3249 rem
946 3198 1223 3270 publicam
1244 3195 1452 3266 etleges
1477 3202 1877 3266 coiruperunt,

143 3291 201 3334 et
222 3298 335 3333 uua
362 3277 470 3332 sola
497 3279 813 3352 permansit,
852 3282 1029 3335 vestra
1048 3282 1254 3336 civitas.

1360 3421 1531 3504 ἰε
