2176 3672
731 569 1043 661 'LIBER
1098 567 1544 634 TERTIUS.

296 732 538 821 Rerum
567 765 817 819 civilium
846 764 1006 818 initia
1033 752 1396 836 indagaturus
1425 786 1493 820 ex
1517 766 1742 822 infinito
1767 773 2023 848 tempore

298 852 544 908 infinitis
579 850 828 905 exstitisse
869 850 1142 905 civitates
1160 851 1292 903 dicit
1327 853 1700 920 Atheniensoe,
1752 870 1884 927 quas
1920 870 2023 904 va-

298 940 400 993 riis
453 937 535 989 in
534 927 759 990 casibus
806 945 860 988 et
912 954 1118 988 conve1
1123 935 1360 988 sionibus
1402 936 1631 991 fortuna
1664 893 2051 991 vehementem

302 1022 636 1078 exercuerit.
679 1021 909 1093 Quippe
938 1017 1270 1092 multiplices
1292 1021 1418 1074 fuel
1424 1032 1527 1075 unt
1552 1021 1767 1100 generis
1791 1011 2027 1074 humani

301 1109 594 1173 interime,
630 1107 786 1161 velut
829 1126 933 1179 por
969 1104 1284 1176 eluvioneS‚
1334 1107 1585 1172 m01bos‚
1612 1100 1749 1180 ¹alia'.
1833 1105 1949 1158 lam
1991 1106 2050 1179 sl·

307 1193 622 1247 eluvionem
659 1191 924 1265 ponimus
960 1190 1211 1246 interitus
1251 1149 1473 1245 dausam
1517 1189 1814 1263 aliquando
1853 1189 2030 1253 fuiffe,

255 1268 258 1271 ¹
304 1298 512 1356 paucos
540 1297 610 1331 ex
644 1276 742 1331 illa
780 1279 988 1332 evafiffe
1020 1274 1273 1344 homines
1299 1295 1503 1347 eosque
1528 1287 1826 1349 montanos
1857 1267 2030 1348 patet,
2042 1283 2050 1287 '

308 1364 403 1437 qui
437 1384 470 1417 a
509 1361 840 1417 commercio
872 1381 996 1413 cum
1023 1363 1251 1431 reliquis
1282 1363 1491 1426 seclusi,
1532 1355 1912 1434 plurimarum'
1935 1377 2031 1412 ar·-

308 1448 451 1503 tium
486 1468 550 1501 ac
585 1458 778 1500 rerum
808 1446 971 1499 ludes
1010 1446 1221 1498 fuelint
1243 1451 1450 1499 necesse
1479 1450 1565 1500 est.
1641 1448 1721 1501 Ar
1726 1457 1805 1498 tes
1834 1444 2028 1514 igitur,

311 1553 453 1605 quae
481 1552 590 1586 una
623 1551 750 1585 cum
784 1531 1104 1600 hominibus
1131 1531 1189 1582 in
1220 1531 1449 1603 planitie
1475 1542 1527 1582 et
1552 1551 1723 1604 prope
1749 1549 1906 1583 mare
1927 1530 2033 1581 ha·

308 1615 613 1680 bitantibus
677 1616 995 1685 deperditae
1033 1626 1216 1681 erant,
1266 1616 1762 1669 innumerabilibus
1802 1616 2033 1666 demum

311 1705 431 1776 post
457 1702 649 1756 seculis
670 1703 799 1754 sunt
825 1701 1006 1753 denuo
1038 1702 1298 1754 inventae
1328 1706 1494 1767 (679).
1548 1701 1815 1753 Homines
1842 1709 2033 1752 autem

311 1787 407 1855 illi,
451 1805 621 1857 quum
648 1806 679 1839 a
704 1786 1046 1853 reliquorum
1073 1785 1795 1839 societateinterclufieffent
1807 1782 2035 1854 (etenim

313 1891 492 1942 neque
520 1870 771 1924 vehicula
788 1868 1418 1948 habebantffluibusmyel
1445 1878 1595 1924 terra
1619 1869 1710 1923 vel
1731 1868 1875 1922 mari
1901 1885 2036 1921 cum

314 1958 434 2011 aliis
470 1956 964 2026 congrederentur,
1014 1964 1068 2008 et
1110 1955 1330 2008 metalla
1369 1951 1587 2023 aliaque
1621 1951 1945 2008 commercii
1980 1957 2038 2004 et

315 2041 522 2095 artium
562 2041 928 2094 instrumenta
969 2039 1414 2104 interciderant),
1453 2048 1508 2094 et
1538 2058 1731 2095 rerum
1757 2057 1892 2108 quas
1917 2035 2038 2090 vita

317 2125 586 2180 desiderat
623 2123 1024 2181 abundantiam
1054 2134 1255 2178 natura
1281 2124 1356 2177 eis
1391 2124 1782 2195 suppeditaret,
1811 2120 2037 2175 seditio·-

246 2235 248 2237 ’
314 2227 447 2263 :nem
463 2209 750 2263 acbellum
770 2211 996 2279 prorsus
1011 2209 1359 2269 nesciebant;
1384 2208 1569 2279 itaque
1582 2207 2029 2280 simplicissimam

316 2291 809 2363 sanctissimamque
837 2295 1106 2365 degebant
1132 2292 1307 2347 vitam
1333 2297 1505 2360 (681).
1578 2295 1652 2349 Et
1678 2310 1853 2362 quum
1882 2290 2038 2343 litte-

318 2386 510 2431 rarum
553 2396 773 2447 quoque
804 2378 1165 2444 insciieffent‚
1202 2397 1315 2431 non
1341 2378 1482 2447 leges
1513 2379 1590 2432 eis
1617 2378 1849 2452 scriptae
1878 2382 2040 2431 erant

320 2481 453 2532 quas
471 2464 851 2530 sequerentur,
870 2464 959 2515 sed
977 2462 1218 2518 instituta
1242 2480 1533 2533 moresque
1558 2462 1744 2539 patrii.
1785 2456 2038 2514 Civitatis

320 2545 490 2616 igitur
526 2546 740 2611 forma,
779 2567 888 2618 qua
933 2546 1188 2602 homines
1213 2546 1294 2601 illi
1319 2547 1613 2618 separatim
1638 2548 1884 2600 viventes
1914 2551 2040 2595 ute-

320 2631 542 2692 bantur,
561 2641 787 2702 patrum
803 2631 1039 2686 familias
1053 2639 1170 2683 erat
1185 2630 1528 2700 gubernatio.
1566 2630 1822 2700 Singulas
1838 2626 2040 2680 deinde

319 2714 576 2777 familiaS,
613 2733 784 2784 quum
810 2736 840 2768 e
869 2717 1144 2770 montium
1170 2715 1464 2768 altitudine
1491 2714 1547 2767 in
1571 2731 1897 2786 camporum
1926 2712 2041 2784 pla-

320 2801 512 2855 nitiem
545 2799 941 2852 descenderent
967 2809 1023 2854 et
1053 2800 1111 2853 in
1151 2799 1420 2854 maiorem
1443 2798 1788 2853 confluerent
1818 2796 2042 2849 societa-

323 2897 463 2951 tem,
499 2886 664 2937 suum
691 2901 970 2953 quamque
1001 2883 1433 2953 gubernatorem
1462 2883 1663 2952 suaque
1687 2883 1922 2936 attulisse
1947 2881 2044 2934 in·-

322 2972 503 3026 stituta
528 2967 810 3041 probabile
838 2970 908 3021 est
934 2968 1105 3039 (682).
1166 2968 1287 3019 Iam
1316 2966 1674 3037 eligebantur,
1702 2966 1797 3039 qui
1824 2966 2043 3019 diversa

322 3056 416 3109 illa
454 3054 693 3108 instituta
729 3053 1144 3111 examinarent,
1186 3061 1240 3103 et
1271 3069 1409 3120 quae
1447 3054 1696 3110 maxime
1734 3051 2043 3125 probassent

324 3141 512 3213 populi
556 3136 788 3191 ducibus
827 3145 1225 3209 proponerent,
1260 3134 1408 3206 iique
1433 3137 1617 3207 legum
1642 3140 1844 3192 latores
1870 3153 2044 3187 voca-

326 3226 552 3288 bantur,
593 3223 705 3291 qui‚
745 3224 779 3274 fi
810 3223 997 3293 plures
1025 3221 1360 3289 magistratus
1389 3222 1760 3290 designassent,
1798 3222 2044 3293 optima-

325 3321 448 3364 tum
487 3307 812 3380 imperium,
864 3327 1002 3377 quac
1047 3306 1380 3360 aristocratia
1424 3317 1689 3374 vocatur,
1742 3307 1823 3362 sm
1864 3321 2040 3358 unum
