2176 3672
622 224 630 229 ,,
692 163 1074 227 LEGES
1142 164 1217 220 11.
1564 132 1568 135 >
1718 175 1833 238 109*

101 331 409 393 ratemque
429 315 617 383 salire3
652 311 812 370 modi
827 318 1016 366 autem
1032 316 1089 362 et
1110 304 1559 363 ordinis'sensum
1583 306 1645 359 in
1672 316 1824 362 utro-

103 429 214 485 que
241 406 593 477 reliquorum
622 395 998 453 animantium
1029 393 1248 447 nullum
1271 391 1556 464 attingere,
1594 390 1686 444 sed
1710 390 1826 444 ho-

100 492 270 553 minis
300 499 556 546 naturam
583 504 712 539 eum
737 483 911 538 solam
940 479 1167 545 habere,
1186 487 1240 531 et
1260 477 1444 531 ordini
1474 476 1700 549 quidem
1727 477 1827 549 qui

0 611 7 618 ·
100 582 163 639 in
201 585 360 634 motu
399 576 658 627 servetur
688 567 913 623 numeri
948 583 1156 620 nomen
1183 568 1302 630 esse,
1341 561 1527 617 ordini
1553 572 1740 616 autem
1765 564 1827 617 in

100 682 258 730 voce,
293 668 455 715 acuto
487 656 646 711 simul
672 663 727 707 et
752 650 907 725 gravi
934 649 1243 724 permixtiS,
1274 648 1604 702 harmoniae
1618 667 1830 703 nomen

103 754 208 806 ess'e
229 746 580 819 impositum,
630 750 685 793 et
714 740 976 793 choream
1006 745 1309 805 utrumque
1335 734 1697 789 coniunctum
1719 753 1830 788 vo-

102 834 235 891 cari.
307 830 438 883 deos
472 843 607 881 vero
649 825 897 878 diximus
935 821 1287 875 miseratione
1320 819 1483 874 nostri
1521 830 1836 883 commotos

103 915 401 974 saltationis
424 913 596 966 socios
630 910 900 979 chorique
924 907 1090 962 duces
1107 904 1261 959 nobis
1279 904 1486 957 'dedisse
1508 905 1831 976 Apollinem

106 1014 162 1058 et
190 1002 393 1063 Μυίας,
431 1007 599 1069 atque
629 995 798 1048 etiam
826 994 1050 1049 tertium
1080 987 1536 1050 memoravimuS,
1562 989 1603 1043 fi
1627 991 1831 1047 memi-

105 1089 311 1152 nimus,
348 1083 646 1140 Bacchum.
1108 1083 1113 1087 ·

254 1197 335 1255 CI.
376 1194 587 1270 Quidni
610 1187 1031 1247 meminerimus
1044 1189 1073 1243 ’Ξ

249 1309 387 1372 Ath.
436 1310 508 1363 Et
542 1304 807 1378 Apollinis
843 1303 1068 1373 quidem
1101 1302 1500 1374 Musarumque
1525 1302 1683 1358 chori
1704 1305 1838 1360 sunt

110 1401 274 1464 dicti,
316 1396 546 1449 tertium
570 1410 708 1445 vero
735 1408 799 1444 ac
824 1388 1106 1460 reliquum
1133 1387 1372 1441 chorum
1399 1391 1834 1461 oportetBacchi

108 1480 396 1562 appellari.

258 1596 342 1652 cl.
381 1590 535 1666 Quid
563 1588 681 1644 ita?
711 1587 829 1655 dic;
860 1587 1163 1641 admodum
1196 1585 1345 1641 enim
1370 1587 1712 1645 admirabilis
1729 1593 1838 1648 erit

113 1681 402 1753 extemplo
439 1674 686 1732 audienti
722 1673 925 1727 Bacchi
965 1674 1249 1726 seniorum
1288 1674 1524 1740 choruS,
1548 1678 1584 1729 fi
1610 1678 1838 1748 quidem

113 1770 446 1844 tricesimum
470 1780 679 1815 annum
707 1761 1022 1828 transgressi
1051 1769 1105 1811 et
1127 1758 1639 1831 quinquagesimum
1661 1781 1841 1836 usque

116 1854 187 1909 ad
214 1849 607 1921 sexagefimum
627 1843 905 1913 assequuli
933 1861 998 1895 eo
1030 1852 1282 1896 utuntur.

262 1963 401 2019 Ath.
426 1959 713 2016 Verisfime
736 1957 864 2008 sane
893 1954 1045 2009 dicis,
1074 1955 1383 2008 orationem
1412 1974 1550 2010 vero
1580 1958 1689 2014 hoc
1713 1961 1843 2016 defi-

120 2053 301 2118 derat‚
340 2045 556 2119 opinor,
596 2039 874 2111 quomodo
911 2041 1345 2095 consentaneum
1377 2043 1437 2096 fit
1460 2041 1536 2095 ita
1559 2042 1699 2098 fieri.

265 2160 346 2217 cl.
387 2156 646 2231 Quidni?

260 2277 395 2332 Ath.
434 2269 723 2341 Numquid
748 2270 1032 2343 superiora
1056 2270 1203 2325 inter
1227 2288 1329 2325 nos
1361 2270 1751 2328 conveniunt?

267 2391 352 2447 Cl.
395 2386 730 2460 Quaenam?

266 2503 400 2560 Am.
439 2501 718 2573 Oportere
743 2516 1023 2570 quemque
1048 2499 1230 2554 virum
1262 2512 1314 2554 et
1330 2500 1849 2574 puerum‚liberum

62 2652 73 2663 ⁴
129 2601 186 2648 et
208 2593 444 2651 servum,
478 2604 691 2639 marem
717 2594 771 2637 et
795 2583 1083 2650 feminam,
1111 2596 1166 2638 et
1189 2587 1482 2639 universae
1508 2585 1855 2641 civitatiuni-

130 2677 342 2732 versam
371 2671 650 2734 civitatem
677 2669 893 2722 fibimet
918 2669 1016 2743 ipfi
1042 2689 1352 2742 numquam
1377 2673 1617 2726 definere
1643 2691 1707 2725 ea
1728 2691 1858 2726 can-

134 2772 254 2815 tare
283 2776 423 2830 quae
450 2755 848 2828 explicavimus
874 2774 1226 2826 quacumque
1247 2759 1462 2830 semper
1486 2757 1704 2811 ratione
1731 2778 1858 2811 mu-

135 2855 255 2899 tata
283 2842 545 2910 omnique
570 2842 832 2894 varietate
865 2851 1194 2914 temperata,
1231 2843 1309 2895 ita
1338 2852 1399 2896 ut
1424 2853 1682 2897 canentes
1713 2842 1853 2896 insa-

139 2926 315 2983 tiabili
352 2926 585 2996 quodam
615 2937 847 2999 propter
881 2928 1225 3000 voluptatem
1247 2927 1560 2982 carminum
1591 2927 1854 2981 defiderio

139 3018 451 3069 teneantur.

284 3107 364 3165 cl.
403 3107 619 3181 Quidni
642 3109 1044 3167 consentiamus
1072 3113 1212 3167 haec
1238 3113 1315 3166 ita
1342 3116 1445 3166 effe
1466 3108 1751 3181 gerenda?

280 3207 419 3269 Atlz.
466 3206 576 3259 Ubi
602 3225 732 3262 vero
761 3211 971 3281 optima
994 3212 1130 3267 haec
1153 3213 1312 3267 nobis
1340 3210 1572 3266 civitatis
1604 3228 1763 3282 para,
1802 3218 1859 3263 et

142 3305 321 3354 aetate
347 3302 405 3348 et
426 3290 727 3367 prudentia
750 3295 991 3350 maxime
1018 3299 1276 3354 omnium
1302 3298 1398 3371 qui
1409 3298 1469 3355 in
1483 3295 1701 3353 civitate
1720 3312 1855 3352 ver-.-
