2086 3632
0 1206 37 1287 ἔῃ,

0 1311 4 1327 i

0 1563 11 1594 ‚2

0 1593 33 1700 {15

0 1706 9 1746 ἐ

744 236 1303 297 LEGESVI·
1792 236 1899 294 535

61 397 64 398 ’
155 380 367 444 sacris·
345 402 407 441 m
435 380 764 439 huiusmodi
785 374 1023 436 deorum
1045 379 1307 447 aedibusg
1342 388 1401 434 et
1426 378 1486 434 in
1508 379 1594 435 his
1618 380 1786 435 etiam
1811 378 1902 434 iu-

155 472 298 527 dicia
322 479 506 535 erunt,
547 469 606 522 in
633 463 841 539 quibus
861 465 932 519 de
955 465 1214 519 caedibus
1234 462 1604 541 omnibusque
1615 465 1904 519 maleficiis

147 555 365 631 cepitis
388 550 571 651 poena
602 550 941 628 plectendiS,
1012 561 1077 605 ut
1104 570 1208 626 par
1245 551 1349 617 est,
1406 550 1615 606 iudicia
1651 559 1901 622 agentur.

154 632 232 695 'de
263 639 441 697 muris
464 658 631 706 veru,
672 637 924 710 Megille,
964 637 1223 709 equidem
1252 637 1488 711 Spartae
1513 616 1801 703 assentiar,
1838 644 1907 687 ut

158 724 417 779 dormire
451 724 702 778 finantur
738 724 799 778 in
826 733 978 778 terra
1003 724 1244 777 iacentes
1275 720 1426 776 muri
1460 736 1563 792 nec
1596 718 1907 814 erigantur,

96 833 102 840 -
154 808 412 884 hanc‘ob
441 811 702 878 causam}
750 810 1036 881 praeclare
1073 809 1239 863 etiam
1266 807 1547 880 poeticum
1579 806 1650 859 de
1681 805 1757 859 eis
1782 803 1906 859 dic-

156 905 283 948 tum
312 891 649 960 celebratur,
686 913 890 948 aeneos
910 904 968 948 et
991 893 1203 949 ferreos
1226 897 1330 947 esse
1351 890 1557 944 debere
1582 908 1773 944 muros
1808 908 1907 960 po-

154 979 276 1034 tius
305 993 476 1051 quam
506 989 762 1033 terrenos
781 1000 797 1046 3
835 999 936 1033 nos
971 990 1261 1051 praeterea
1287 978 1501 1032 *merito
1533 993 1736 1048 magno
1772 980 1912 1030 effe-

160 1080 296 1118 mus
337 1064 504 1126 risui,
558 1064 863 1139 quotannia
895 1051 1209 1119 emittentes
1242 1065 1304 1118 in
1337 1064 1620 1135 regionem
1658 1064 1910 1128 iuvene8‚

149 1158 215 1202 ut
255 1158 310 1202 et
331 1148 505 1216 {fossas
533 1148 742 1203 faciant
776 1160 829 1202 et
908 1149 1051 1202 valla
1096 1150 1304 1204 ducant
1339 1154 1395 1201 et
1432 1146 1897 1219 exstructionibus

152 1235 491 1306 quibusdam
517 1244 742 1288 arceant
767 1234 960 1302 hostes,
998 1234 1202 1308 quippe
1226 1252 1339 1287 non
1367 1231 1686 1305 permissuri
1711 1232 1786 1284 eis
1803 1221 1900 1286 re·-

150 1319 335 1392 gioni's
363 1321 503 1374 fines
531 1320 767 1390 ingredi,
803 1337 1034 1371 murum
1068 1318 1107 1371 fi
1131 1319 1257 1371 urbi
1283 1315 1782 1380 circumdaremuS,
1809 1315 1909 1388 qui

146 1404 403 1479 primum
441 1406 509 1459 ad
535 1406 828 1458 sanitatem
863 1403 1094 1457 urbibus
1122 1404 1280 1456 nullo
1311 1403 1482 1458 modo
1511 1402 1801 1467 conducit,
1854 1410 1907 1455 et

147 1491 448 1562 praeterea
482 1491 713 1544 mollem
756 1489 1038 1560 quendam
1073 1485 1333 1543 habitum
1368 1490 1675 1543 incolarum
1704 1485 1910 1549 animia

145 1566 289 1629 solet
316 1572 583 1639 iniicere,
653 1592 968 1648 provocans
1003 1593 1094 1626 eos
1134 1584 1199 1626 ut
1240 1576 1310 1628 ad
1345 1574 1532 1646 ipsum
1561 1572 1781 1644 fugiant
1805 1591 1909 1626 nec

91 1662 118 1698 Τ
145 1658 331 1715 hostes
358 1660 682 1730 propulsent
705 1693 719 1720 ‚
795 1677 900 1710 nec
925 1658 1178 1710 custodiis
1202 1659 1473 1730 dispositis
1505 1667 1674 1712 noctu
1704 1658 1909 1729 dieque

146 1746 382 1818 salutem
405 1747 794 1814 asse-quantur,
858 1741 951 1793 fed
981 1745 1161 1794 muris
1196 1753 1250 1795 et
1272 1745 1452 1815 portis
1475 1745 1825 1798 arbitrentur
1850 1745 1906 1795 se

145 1834 339 1903 septos
382 1828 552 1881 etiam
602 1826 947 1879 dormientes
988 1826 1175 1880 salutis
1212 1840 1420 1881 revera
1466 1828 1764 1883 habituros
1800 1832 1908 1890 effe

143 1913 496 1972 'adminicula
515 1952 532 1975 ,
597 1922 885 1982 tamquam
925 1909 993 1964 ad
1031 1911 1140 1964 hoc
1167 1913 1287 1965 nati
1315 1923 1379 1967 ut
1413 1912 1660 1966 laborem
1685 1913 1911 1967 nullum

142 1997 414 2066 subeant,
453 1995 662 2069 quippe
686 1996 780 2065 qui
807 1996 1075 2067 ignorent
1099 2015 1298 2051 veram
1324 1998 1570 2066 quietem
1596 2015 1670 2053 ex
1695 1998 1911 2053 labori-

143 2088 252 2141 bus
275 2071 466 2157 sequi3
504 2070 713 2133 etenim
745 2098 820 2133 ex
843 2080 1059 2151 quiete,
1101 2082 1334 2178 opinor,
1387 2083 1544 2155 turpi
1569 2094 1625 2137 et
1649 2084 1908 2138 socordia

141 2172 365 2228 labores
394 2169 588 2223 rursus
616 2166 790 2219 solent
811 2167 1080 2220 exfisteiwe
1129 2167 1308 2222 immo
1328 2170 1365 2221 fi
1390 2186 1620 2222 murum
1652 2170 1903 2265 aliquem

145 2251 367 2336 oportet
399 2251 726 2309 hominibus
753 2255 885 2318 effe,
935 2252 1192 2325 p1ivatae
1218 2255 1418 2307 domus
1445 2255 1534 2307 ita(
1554 2272 1589 2308 a
1617 2254 1898 2328 principio

77 2352 81 2354 ’
143 2341 433 2399 iaciendae
456 2347 512 2391 et
530 2335 912 2392 aedificandae
934 2342 1081 2407 sunt,
1118 2349 1182 2393 ut
1209 2348 1323 2394 tota
1343 2341 1478 2395 urbs
1506 2358 1654 2394 unus
1682 2341 1743 2392 fit
1770 2356 1908 2392 mu·-

141 2444 277 2494 ru³‚
315 2424 581 2480 omnibus
606 2421 867 2477 domibus
892 2426 1198 2496 aequaliter
1219 2434 1275 2478 et
1299 2425 1590 2479 {imiliter
1573 2444 1632 2478 m
1657 2426 1780 2478 vias
1809 2443 1906 2478 ex-
1910 2483 1916 2489 ,

144 2512 502 2567 currentibus
525 2507 847 2578 bonamque
871 2509 979 2565 hoc
1011 2512 1232 2565 ratione
1267 2509 1649 2564 munitionem
1679 2509 1906 2592 haben-

72 2636 102 2678 t·
141 2597 327 2665 tibusg
388 2613 492 2649 nec
534 2593 908 2650 iniucundum
946 2598 1051 2651 erit
1083 2600 1371 2670 spectatu,
1425 2599 1459 2650 fi
1496 2596 1667 2650 unius
1697 2595 1903 2650 domuc

75 2683 77 2687 ’
145 2678 390 2756 speciem
419 2677 554 2732 urbs
577 2676 836 2745 habebit,
872 2690 927 2735 et
939 2721 961 2749 n,
1001 2685 1152 2755 quod
1180 2682 1248 2737 ad
1272 2681 1548 2736 custodiae
1571 2679 1900 2736 facilitatem

148 2762 381 2830 attinet,
458 2761 628 2833 plane
657 2771 712 2814 et
749 2767 982 2822 omnino
1007 2769 1074 2823 ad
1112 2768 1593 2823 conservationem
1628 2767 1737 2820 erit
1764 2768 1898 2819 infi-

146 2846 294 2921 gnia.
332 2844 471 2900 haec
493 2865 649 2910 vero,
686 2847 823 2903 dum
849 2870 880 2904 a
903 2853 1186 2929 principio
1209 2853 1425 2908 fuerint
1451 2851 1760 2917 aedificata,
1799 2870 1897 2903 cu-

142 2948 276 2988 rare
300 2928 551 2985 maxime
574 2931 782 2989 incolas
806 2935 1040 3008 decebit,
1079 2951 1133 2995 et
1154 2958 1249 2996 rer
1254 2956 1350 2994 um
1374 2938 1722 2992 urbanarum
1751 2954 1893 3008 pro-

116 3024 441 3072 curatores
474 3012 534 3071 id
557 3015 856 3078 observare
891 3024 1066 3082 etiam
1105 3033 1366 3100 cogentes
1403 3022 1893 3098 negligentemque
