2176 3672
660 183 1074 247 ΚιΕὓειε
1143 184 1211 239 11.
1750 207 1817 263 91

24 396 28 401 Δ
98 329 385 388 brantibus
411 330 681 402 usurpare
710 327 1028 402 plerosque,
1063 326 1220 380 hunc
1243 330 1349 382 effe
1363 326 1822 401 sapientissimum

95 413 516 473 existimandum
538 423 595 468 et
616 415 892 468 victorem
926 411 1343 480 declarandum,
1382 412 1476 486 qui
1498 411 1708 467 laetitia
1721 431 1826 467 nos

94 511 150 556 et
184 500 388 574 gaudio
427 498 675 554 maxime
708 497 1059 571 perfundat?
1092 496 1216 553 fieri
1253 498 1406 554 enim
1435 497 1632 569 nequit
1647 497 1821 596 ‘quin,

1 643 7 649 ,
92 585 542 660 quandoquidem
565 585 887 656 permissum
916 583 1077 639 nobis
1114 584 1189 638 est
1212 592 1335 639 tum
1358 584 1594 654 ludere,
1642 583 1690 639 is
1724 585 1825 657 qui

92 671 367 746 plurimos
387 679 444 725 et
458 669 707 726 maximo
725 647 928 740 gaudio
941 667 1144 724 afficiat
1157 689 1411 725 maxime
1419 671 1734 726 honoretur
1747 679 1824 736 ot,

92 757 242 829 quod
288 757 456 811 modo
491 757 776 823 dicebam,
813 754 1109 810 victoriam
1145 765 1407 829 reportet.
1481 775 1674 813 nonne
1709 756 1822 812 hoo

0 854 6 857 ’
92 850 244 896 recte
274 842 376 897 ὡς]
386 852 479 897 tur
508 851 565 896 et
587 842 908 915 peragitur,
951 842 989 894 si
1011 841 1118 896 hoc
1139 841 1308 897 modo
1329 840 1396 896 fit
1412 842 1440 895 ‘2

234 939 320 996 cl.
360 941 618 999 Videtur.

231 1039 371 1098 Ath.
408 1042 503 1110 At,
541 1062 575 1097 o
603 1042 768 1111 bone,
806 1058 879 1096 ne
902 1038 1099 1101 statim,
1136 1047 1200 1092 ut
1223 1039 1463 1110 videtur,
1501 1040 1572 1096 de
1592 1041 1700 1097 hoc
1728 1042 1827 1098 iu-

91 1126 356 1196 dicemus,
370 1128 460 1182 sed
487 1129 547 1182 in
568 1137 756 1202 partes
775 1123 1172 1180 distribuentes
1189 1122 1297 1178 hac
1314 1123 1437 1179 fere
1460 1127 1678 1183 ratione
1688 1146 1826 1201 per-

89 1213 432 1286 pendamus:
469 1214 604 1285 quid
636 1215 674 1267 fi
708 1210 830 1283 quis
859 1208 1161 1282 aliquando
1199 1210 1271 1264 fic
1294 1211 1613 1286 simpliciter
1640 1223 1827 1269 certa-

87 1317 223 1352 men
249 1308 525 1373 proponat
548 1298 972 1370 qualecumque,
1017 1316 1133 1351 non
1156 1295 1429 1351 definiens
1454 1318 1639 1372 neque
1660 1318 1828 1373 gym-

86 1383 277 1438 nicum
316 1401 498 1455 neque
537 1386 803 1439 muficum
829 1401 1014 1455 neque
1042 1383 1306 1455 equestre,
1341 1385 1437 1438 sed
1464 1379 1660 1440 omnes
1684 1405 1825 1440 con-

85 1486 323 1543 gregans
356 1467 454 1540 qui
491 1468 553 1523 in
595 1468 739 1523 urbe
760 1470 1052 1524 versentur
1077 1467 1336 1540 praemio
1364 1469 1657 1525 constituto
1682 1489 1828 1544 pro-

85 1553 318 1609 nunciet
339 1563 423 1621 ut,
459 1555 803 1628 quicumque
826 1554 980 1617 velit,
1019 1554 1246 1609 accedat
1273 1554 1333 1608 in
1357 1556 1665 1629 voluptatis
1700 1575 1829 1622 cer-

87 1649 274 1693 tamen
304 1639 693 1709 descensurus,
736 1641 783 1694 is
812 1659 950 1695 vero
973 1640 1068 1710 qui
1088 1641 1422 1712 spectatores
1451 1641 1707 1697 maxime
1727 1642 1827 1696 de-

84 1725 376 1780 lectaverit
411 1731 550 1796 (non
574 1726 958 1797 praescribens
975 1745 1220 1797 quonam
1247 1728 1445 1794 modo)
1485 1737 1543 1782 et
1568 1726 1828 1784 omnium

84 1809 185 1880 qui
209 1812 550 1865 certaverint
579 1810 1003 1865 iucundissimus
1031 1811 1332 1878 iudicetur,
1370 1813 1477 1867 hoc
1500 1814 1683 1888 ipsum
1709 1832 1829 1868 ma-

90 1894 245 1948 xime
270 1893 531 1960 efficiens,
568 1897 754 1951 victor
777 1896 1120 1963 declareturg,
1157 1896 1289 1967 quid
1305 1899 1530 1952 tandem
1558 1908 1827 1972 putamus

85 1980 233 2034 hanc
254 1982 785 2053 pronunciationem
814 1982 1291 2051 consequuturum
1318 1982 1463 2038 effe?

229 2092 312 2150 ΟΖ.
349 2094 436 2150 De
462 2114 707 2167 quanam
730 2115 793 2151 re
819 2095 1110 2170 loqueris?

225 2208 365 2266 Ath.
412 2209 548 2267 Veri
581 2211 752 2264 fimile
786 2214 858 2265 est
894 2212 1090 2278 alium,
1128 2220 1191 2265 ut
1212 2197 1550 2276 Homerum‚'
1581 2210 1824 2283 rhapso-

84 2294 235 2351 diam
261 2296 542 2363 exhibere,
568 2298 743 2350 alium
773 2296 1214 2364 citharoedicum
1243 2315 1488 2364 carmen,
1513 2295 1688 2350 alium
1704 2306 1830 2351 tra-

85 2383 379 2453 goediam‚
415 2383 591 2438 alium
631 2383 1004 2444 comoediam3
1043 2401 1150 2438 nec
1172 2382 1384 2437 mirum
1419 2384 1456 2438 fi
1494 2381 1615 2454 quis
1655 2383 1826 2437 etiam

88 2466 362 2524 miracula
387 2470 660 2524 ostentans
683 2469 934 2523 maxime
959 2470 1014 2523 se
1038 2467 1229 2523 credat
1244 2466 1532 2520 victoriam
1562 2470 1666 2523 esse
1679 2468 1831 2522 latu-

89 2570 237 2607 rum.
276 2553 365 2609 his
388 2554 563 2627 igitur
580 2554 785 2609 talibus
809 2554 1044 2625 aliisque
1070 2551 1581 2608 innumerabilibus
1609 2552 1673 2606 in
1707 2572 1833 2608 oer-

90 2646 275 2694 tamen
317 2639 778 2695 descendentibus
813 2643 1175 2711 possumusne
1218 2638 1405 2693 dicere
1447 2637 1572 2708 quis
1607 2640 1732 2694 iure
1768 2641 1833 2694 fit

93 2722 390 2780 victoriam
423 2726 916 2798 consequuturus?

229 2833 314 2892 Cl.
352 2837 668 2895 Absurdum
694 2842 767 2894 est
790 2838 845 2892 id
872 2839 1024 2911 quod
1048 2840 1387 2909 interrogas3
1423 2836 1550 2908 quis
1573 2838 1722 2892 enim
1738 2857 1826 2893 re-

92 2919 361 2991 spondere
394 2922 494 2976 tibi
532 2926 691 2997 possit
725 2927 872 2996 quasi
894 2926 1250 2997 cognoscens,
1290 2923 1621 2996 priusquam
1653 2924 1825 2979 audi—-

91 3003 239 3058 verit
259 3005 610 3081 singulosque
642 3012 876 3065 athletas
900 3012 1012 3083 ipse
1033 3009 1396 3084 perceperit?

232 3116 382 3173 Affi->
429 3120 578 3194 Quid
632 3123 840 3196 igitur?
907 3125 1151 3182 vultisne
1194 3143 1294 3199 ego
1337 3123 1496 3179 vobis
1537 3119 1834 3176 absurdam

91 3203 237 3258 hanc
267 3205 670 3277 responfionem
705 3209 1030 3282 proferam?

240 3317 319 3371 Ct.
366 3318 622 3391 Quidni?
