2132 3652
627 272 1156 331 LEGESV·
1703 276 1811 334 505

0 415 7 448 ³
69 419 184 476 hue
210 418 447 492 spectat,
493 425 560 471 ut
601 432 768 486 quam
805 413 1098 470 beatiffimi
1130 415 1231 469 sint
1267 413 1418 494 ciues
1461 424 1514 470 et
1545 418 1801 474 maxime

67 502 213 558 inter
234 502 299 554 'se
322 500 518 566 amicig
568 511 736 556 erunt
766 510 952 555 autem
987 502 1133 568 cives
1177 518 1492 572 numquam
1525 503 1717 571 amici,
1757 505 1799 559 fi

64 586 279 644 multae
314 586 435 641 lites
480 585 629 639 inter
687 605 779 640 eos
834 586 1116 655 agitantur
1166 586 1483 659 multaeque
1508 586 1509 589 ’
1537 587 1803 660 iniuriaej

0 682 3 683 ’
65 670 162 727 sed
183 673 222 725 fi
241 690 411 745 quam
434 671 703 725 minimae
727 679 786 724 et
806 672 1177 745 paucissimae.
1217 670 1451 726 dicimus
1489 670 1660 746 igitur
1687 695 1800 730 ne-

55 773 177 829 que
211 751 417 810 aurum
472 766 657 829 neque
703 766 996 826 argentum
1029 760 1136 811 esse
1171 764 1432 827 oportere
1462 756 1523 810 in
1557 758 1804 829 civitate,·

62 858 249 912 neque
278 843 445 895 etiam
469 859 730 913 magnam
756 843 1008 913 quaestus
1029 840 1273 894 faciendi
1302 839 1667 912 cupiditatem
1689 863 1799 917 per

61 925 299 981 artificia
324 926 546 980 sordida
575 936 629 979 et
655 926 819 980 fenus
868 926 962 979 vel
986 943 1189 1000 pecora
1223 925 1430 998 turpia,
1467 925 1560 978 sed
1586 945 1692 999 per
1730 931 1800 983 ea

0 1019 33 1086 ὃ
57 1027 208 1080 quae
226 1012 577 1082 agricultura
600 1012 698 1066 dat
721 1020 775 1064 et
804 1010 989 1077 offert,
1028 1020 1085 1064 et
1106 1029 1169 1064 ea
1199 1010 1430 1081 quidem
1456 1028 1602 1082 quae
1627 1030 1797 1085 quae-

0 1095 30 1132 '3‘
60 1096 205 1150 stum
235 1094 533 1151 facientem
571 1115 688 1150 non
720 1104 919 1166 cogent
951 1114 1017 1149 ea
1049 1095 1332 1167 negligere
1358 1109 1606 1167 quorum
1627 1098 1798 1163 ‘causa

60 1198 199 1252 opes
236 1192 619 1252 quaeruntur3
682 1182 821 1235 haec
872 1200 1007 1236 vero
1043 1183 1173 1235 sunt
1210 1181 1428 1235 animus
1468 1188 1525 1233 et
1569 1199 1803 1255 corpus,¹

61 1283 211 1335 quae
251 1269 361 1320 fine
395 1278 516 1322 arte
562 1267 901 1339 gymnastica
946 1267 1266 1337 reliquaque
1302 1264 1586 1337 disciplina
1619 1280 1800 1320 num-'-

59 1368 232 1421 quam
266 1353 639 1406 aestimatione
673 1361 842 1406 erunt.
879 1352 1060 1422 digna,
1097 1349 1360 1420 quocirca
1393 1368 1566 1421 opum
1603 1350 1802 1422 acqui-

57 1435 369 1490 rendarum
406 1433 649 1491 studium
695 1455 815 1488 non
862 1437 1033 1489 semel
1073 1435 1317 1488 diximus
1359 1437 1636 1507 postremo
1667 1434 1800 1490 locd

15 1584 18 1585 ῥ
42 1525 171 1576 »effe
196 1522 529 1583 colendum,
555 1520 664 1573 tria
679 1520 829 1573 enirn
860 1537 1032 1591 quum
1058 1522 1158 1574 fint
1185 1520 1377 1574 omnia
1398 1520 1468 1572 ad
1494 1538 1639 1590 quae
1665 1521 1800 1593 qui-‘

56 1605 194 1661 libet
213 1607 388 1661 homo
412 1625 582 1660 omne
600 1605 837 1658 studium
858 1604 1094 1688 confert,
1119 1609 1460 1676 postremum
1485 1613 1540 1657 et
1562 1605 1799 1661 teitium

58 1692 137 1745 est
162 1691 403 1745 studium
431 1691 576 1763 quod
603 1699 756 1744 recte
780 1691 850 1743 ad
875 1673 1172 1762 pecuniam
1196 1690 1503 1754 confertur,
1541 1689 1800 1774 corporis

0 1773 202 1853 ἷῗτετο
240 1776 485 1831 studium
528 1771 780 1827 medium
818 1784 874 1827 et
909 1776 1161 1846 p1imum
1195 1775 1388 1829 animi.
1423 1784 1594 1845 atque
1619 1775 1798 1830 etiam

8 1880 216 1927 muno
240 1880 409 1932 quam
435 1878 535 1932 per
538 1858 826 1930 sequimur
852 1860 1049 1913 civitas
1075 1862 1112 1912 fi
1135 1860 1375 1914 honores
1399 1860 1476 1913 ita
1502 1859 1796 1925 constituit,

13 1931 212 2006 {frecte
248 1946 465 2020 legibus
506 1945 610 1999 mit
647 1954 998 2015 temperata,
1039 1946 1116 1997 fin
1152 1953 1341 1999 autem
1362 1945 1461 1998 lex
1492 1942 1715 2014 aliqua
1715 1957 1798 1996 ex

24 2030 143 2085 'eis
168 2050 312 2102 quae
338 2029 434 2085 hio
454 2031 915 2102 piaescribuntur
940 2048 1076 2101 prae
1097 2029 1468 2103 temperantia
1498 2027 1794 2082 sanitatem

36 2116 128 2185 ᾗῇιι
157 2116 386 2171 civitate
423 2133 592 2187 repe1
594 2116 745 2168 ietur
782 2115 999 2168 honore
1032 2111 1273 2167 afficiens
1304 2115 1393 2168 vel
1415 2112 1634 2166 divitias
1659 2123 1802 2186 prae

24 2201 300 2262 sanitate
327 2210 384 2254 et
408 2199 796 2271 temperantia,
834 2216 957 2251 eam
994 2217 1108 2252 non
1141 2209 1294 2253 recte
1324 2197 1539 2273 patebit
1565 2199 1800 2270 potitam

48 2289 187 2350 affe.
219 2284 331 2338 hoc
357 2284 527 2356 igitur
563 2284 781 2358 saepius
817 2284 1120 2356 significare
1155 2293 1380 2360 oportet
1409 2285 1600 2355 legum
1645 2283 1801 2337 lato-

67 2386 221 2425 rem.
260 2369 396 2440 quid
429 2370 597 2423 volo?
650 2380 738 2423 et.-
772 2370 1045 2439 numquid
1088 2368 1229 2422 mihi
1266 2369 1374 2421 hoc
1416 2366 1686 2430 succedet,
1724 2384 1803 2419 an

64 2456 412 2527 propositum
449 2474 566 2508 non
602 2455 896 2525 assequar?
935 2463 991 2506 et
1022 2455 1099 2506 ita
1135 2453 1354 2508 fortasse
1390 2463 1446 2506 et
1469 2452 1584 2523 ipse
1606 2452 1817 2521 legum*

56 2529 275 2595 'latione
296 2539 675 2612 perfungetur
700 2551 756 2594 et
777 2550 989 2594 ceteros
1010 2539 1288 2606 liberabit,
1326 2554 1643 2608 numquam
1663 2543 1804 2590 vero

68 2623 182 2678 alia
202 2625 437 2681 ratione.

212 2708 404 2778 Itaque
422 2713 519 2783 qui
542 2713 752 2767 sortem
773 2719 968 2768 nactus
992 2711 1082 2777 est,
1107 2707 1360 2771 ᾶίοἱιτιυε,
1385 2702 1656 2782 poffideto
1675 2698 1808 2759 eam

73 2790 164 2846 his
189 2809 327 2863 quas
352 2793 599 2851 diximus
622 2793 1048 2852 conditionibus.
1085 2800 1212 2848 effet
1238 2794 1460 2866 quidem
1479 2794 1810 2868 pulchrum,

78 2878 119 2929 fi
144 2877 376 2946 reliqua¹
402 2896 620 2947 quoque
668 2882 858 2935 omnia
894 2880 1276 2952 unusquisque
1316 2881 1567 2950 aequalia
1592 2879 1809 2933 habens

76 2963 135 3015 in
162 2959 439 3013 coloniam
475 2962 724 3030 veniret3
765 2965 1030 3038 quoniam
1065 2984 1202 3019 vero
1237 2965 1295 3019 id
1324 2964 1443 3019 fieri
1464 2959 1679 3035 nequit,
1715 2961 1831 3014 sed*

79 3044 221 3099 alius
259 3045 444 3115 plures
483 3044 757 3115 poffidens
797 3051 1057 3104 adveniet
1098 3069 1261 3124 opes,
1314 3052 1455 3102 alius
1499 3048 1817 3121 pauciore-S,

84 3138 308 3201 oportet
334 3127 538 3184 multas
563 3129 633 3183 ob
668 3134 851 3184 causas
874 3144 930 3187 et
952 3144 1015 3187 ut
1041 3134 1297 3189 omnium
1336 3133 1397 3185 in
1421 3133 1649 3185 civitate
1675 3149 1817 3184 con—

82 3213 219 3269 ditio
257 3213 502 3283 aequalis
538 3213 659 3281 fiat,
697 3216 889 3272 census
927 3218 1243 3291 inaequales
1280 3220 1397 3279 effe,
1435 3224 1520 3283 ut,
1557 3216 1710 3286 quod
1738 3214 1820 3269 ‘ad

83 3299 432 3370 magistratus
457 3308 513 3353 et
541 3301 833 3371 vectigalia
857 3309 913 3355 et
937 3302 1353 3358 distributiones
1377 3300 1594 3362 attinet,
1633 3299 1821 3371 digni-

21 3441 23 3455 ζ
86 3385 211 3437 tatis
244 3382 478 3454 quisque
504 3385 1095 3458 aestimationem'non
1134 3385 1312 3441 solum
1354 3385 1661 3437 secundum
1699 3381 1825 3435 vir-

164 3469 321 3522 Tom.
372 3469 467 3521 Vs.
1403 3479 1457 3525 V
