<?xml version="1.0" encoding="UTF-8"?>
<!DOCTYPE html PUBLIC "-//W3C//DTD XHTML 1.0 Transitional//EN"
    "http://www.w3.org/TR/xhtml1/DTD/xhtml1-transitional.dtd">
<html xmlns="http://www.w3.org/1999/xhtml" xml:lang="en" lang="en">
 <head>
  <title>
</title>
<meta http-equiv="Content-Type" content="text/html;charset=utf-8" />
  <meta name='ocr-system' content='tesseract 3.04.00' />
  <meta name='ocr-capabilities' content='ocr_page ocr_carea ocr_par ocr_line ocrx_word'/>
</head>
<body>
  <div class='ocr_page' id='page_1' title='image "./quaeexstantopera06plat_0087.png"; bbox 0 0 2176 3672; ppageno 0'>
   <div class='ocr_carea' id='block_1_1' title="bbox 793 239 1933 333">
    <p class='ocr_par' dir='ltr' id='par_1_1' title="bbox 793 239 1933 333">
     <span class='ocr_line' id='line_1_1' title="bbox 793 239 1933 333; baseline -0.003 -33"><span class='ocrx_word' id='word_1_1' title='bbox 793 239 1319 302; x_wconf 72' lang='lat' dir='ltr'>LEGEs11</span> <span class='ocrx_word' id='word_1_2' title='bbox 1862 266 1933 333; x_wconf 55' lang='lat' dir='ltr'><em>w</em></span> 
     </span>
    </p>
   </div>
   <div class='ocr_carea' id='block_1_2' title="bbox 193 386 1938 980">
    <p class='ocr_par' dir='ltr' id='par_1_2' title="bbox 193 386 1938 980">
     <span class='ocr_line' id='line_1_2' title="bbox 193 386 1929 477; baseline -0.002 -29"><span class='ocrx_word' id='word_1_3' title='bbox 193 387 556 477; x_wconf 76' lang='lat' dir='ltr'>perceperint</span> <span class='ocrx_word' id='word_1_4' title='bbox 581 388 631 443; x_wconf 87' lang='lat' dir='ltr'>ei</span> <span class='ocrx_word' id='word_1_5' title='bbox 658 386 1024 444; x_wconf 76' lang='lat' dir='ltr'>assentiantur</span> <span class='ocrx_word' id='word_1_6' title='bbox 1046 387 1416 459; x_wconf 78' lang='lat' dir='ltr'>intelligentes</span> <span class='ocrx_word' id='word_1_7' title='bbox 1440 394 1592 442; x_wconf 89' lang='lat' dir='ltr'>recte</span> <span class='ocrx_word' id='word_1_8' title='bbox 1614 387 1668 441; x_wconf 87' lang='lat' dir='ltr'>se</span> <span class='ocrx_word' id='word_1_9' title='bbox 1683 386 1929 445; x_wconf 81' lang='lat' dir='ltr'>imbutos</span> 
     </span>
     <span class='ocr_line' id='line_1_3' title="bbox 196 467 1932 535; baseline -0.003 -2"><span class='ocrx_word' id='word_1_10' title='bbox 196 481 303 535; x_wconf 73' lang='lat' dir='ltr'>effe</span> <span class='ocrx_word' id='word_1_11' title='bbox 330 467 799 532; x_wconf 83' lang='lat' dir='ltr'>convenientibus</span> <span class='ocrx_word' id='word_1_12' title='bbox 834 472 1106 529; x_wconf 85' lang='lat' dir='ltr'>moribus.</span> <span class='ocrx_word' id='word_1_13' title='bbox 1157 473 1301 528; x_wconf 89' lang='lat' dir='ltr'>haec</span> <span class='ocrx_word' id='word_1_14' title='bbox 1327 481 1515 529; x_wconf 86' lang='lat' dir='ltr'>autem</span> <span class='ocrx_word' id='word_1_15' title='bbox 1542 473 1773 529; x_wconf 75' lang='lat' dir='ltr'>assensio</span> <span class='ocrx_word' id='word_1_16' title='bbox 1794 475 1932 528; x_wconf 87' lang='lat' dir='ltr'>uni-</span> 
     </span>
     <span class='ocr_line' id='line_1_4' title="bbox 195 557 1935 635; baseline -0.004 -15"><span class='ocrx_word' id='word_1_17' title='bbox 195 564 356 620; x_wconf 85' lang='lat' dir='ltr'>versa</span> <span class='ocrx_word' id='word_1_18' title='bbox 382 564 461 617; x_wconf 80' lang='lat' dir='ltr'>est</span> <span class='ocrx_word' id='word_1_19' title='bbox 471 562 666 626; x_wconf 83' lang='lat' dir='ltr'>virtus,</span> <span class='ocrx_word' id='word_1_20' title='bbox 692 569 916 635; x_wconf 86' lang='lat' dir='ltr'>partem</span> <span class='ocrx_word' id='word_1_21' title='bbox 936 578 1075 615; x_wconf 86' lang='lat' dir='ltr'>vero</span> <span class='ocrx_word' id='word_1_22' title='bbox 1103 559 1225 615; x_wconf 84' lang='lat' dir='ltr'>eius</span> <span class='ocrx_word' id='word_1_23' title='bbox 1253 561 1322 615; x_wconf 91' lang='lat' dir='ltr'>ad</span> <span class='ocrx_word' id='word_1_24' title='bbox 1345 560 1664 634; x_wconf 83' lang='lat' dir='ltr'>voluptates</span> <span class='ocrx_word' id='word_1_25' title='bbox 1688 567 1746 614; x_wconf 89' lang='lat' dir='ltr'>et</span> <span class='ocrx_word' id='word_1_26' title='bbox 1770 557 1935 614; x_wconf 87' lang='lat' dir='ltr'>dolo-</span> 
     </span>
     <span class='ocr_line' id='line_1_5' title="bbox 194 644 1935 712; baseline -0.005 -5"><span class='ocrx_word' id='word_1_27' title='bbox 194 670 284 707; x_wconf 85' lang='lat' dir='ltr'>res</span> <span class='ocrx_word' id='word_1_28' title='bbox 320 658 473 705; x_wconf 86' lang='lat' dir='ltr'>recte</span> <span class='ocrx_word' id='word_1_29' title='bbox 514 648 839 712; x_wconf 84' lang='lat' dir='ltr'>educatam,</span> <span class='ocrx_word' id='word_1_30' title='bbox 876 647 957 702; x_wconf 90' lang='lat' dir='ltr'>ita</span> <span class='ocrx_word' id='word_1_31' title='bbox 1001 656 1069 702; x_wconf 85' lang='lat' dir='ltr'>ut</span> <span class='ocrx_word' id='word_1_32' title='bbox 1105 647 1299 703; x_wconf 89' lang='lat' dir='ltr'>odium</span> <span class='ocrx_word' id='word_1_33' title='bbox 1332 646 1582 703; x_wconf 80' lang='lat' dir='ltr'>habeant</span> <span class='ocrx_word' id='word_1_34' title='bbox 1617 644 1741 700; x_wconf 87' lang='lat' dir='ltr'>eius</span> <span class='ocrx_word' id='word_1_35' title='bbox 1770 645 1935 700; x_wconf 85' lang='lat' dir='ltr'>cuius</span> 
     </span>
     <span class='ocr_line' id='line_1_6' title="bbox 196 731 1938 807; baseline -0.003 -17"><span class='ocrx_word' id='word_1_36' title='bbox 196 736 397 791; x_wconf 84' lang='lat' dir='ltr'>odium</span> <span class='ocrx_word' id='word_1_37' title='bbox 420 732 617 789; x_wconf 89' lang='lat' dir='ltr'>haberi</span> <span class='ocrx_word' id='word_1_38' title='bbox 640 743 866 807; x_wconf 84' lang='lat' dir='ltr'>oportet</span> <span class='ocrx_word' id='word_1_39' title='bbox 888 733 1069 788; x_wconf 87' lang='lat' dir='ltr'>statim</span> <span class='ocrx_word' id='word_1_40' title='bbox 1088 734 1159 787; x_wconf 89' lang='lat' dir='ltr'>ab</span> <span class='ocrx_word' id='word_1_41' title='bbox 1185 734 1348 788; x_wconf 87' lang='lat' dir='ltr'>initio</span> <span class='ocrx_word' id='word_1_42' title='bbox 1379 734 1448 788; x_wconf 84' lang='lat' dir='ltr'>ad</span> <span class='ocrx_word' id='word_1_43' title='bbox 1475 733 1668 801; x_wconf 88' lang='lat' dir='ltr'>finem,</span> <span class='ocrx_word' id='word_1_44' title='bbox 1702 731 1938 803; x_wconf 77' lang='lat' dir='ltr'>diligant</span> 
     </span>
     <span class='ocr_line' id='line_1_7' title="bbox 196 819 1936 893; baseline -0.002 -17"><span class='ocrx_word' id='word_1_45' title='bbox 196 840 337 877; x_wconf 84' lang='lat' dir='ltr'>vero</span> <span class='ocrx_word' id='word_1_46' title='bbox 367 838 514 893; x_wconf 87' lang='lat' dir='ltr'>quae</span> <span class='ocrx_word' id='word_1_47' title='bbox 541 819 694 890; x_wconf 84' lang='lat' dir='ltr'>diligi</span> <span class='ocrx_word' id='word_1_48' title='bbox 721 829 978 892; x_wconf 88' lang='lat' dir='ltr'>oportet,</span> <span class='ocrx_word' id='word_1_49' title='bbox 1016 819 1163 873; x_wconf 89' lang='lat' dir='ltr'>hanc</span> <span class='ocrx_word' id='word_1_50' title='bbox 1188 820 1364 892; x_wconf 84' lang='lat' dir='ltr'>ipsam</span> <span class='ocrx_word' id='word_1_51' title='bbox 1395 819 1650 873; x_wconf 88' lang='lat' dir='ltr'>oratione</span> <span class='ocrx_word' id='word_1_52' title='bbox 1668 819 1936 891; x_wconf 73' lang='lat' dir='ltr'>separans</span> 
     </span>
     <span class='ocr_line' id='line_1_8' title="bbox 195 902 1936 980; baseline -0.002 -19"><span class='ocrx_word' id='word_1_53' title='bbox 195 917 252 961; x_wconf 86' lang='lat' dir='ltr'>et</span> <span class='ocrx_word' id='word_1_54' title='bbox 276 906 627 978; x_wconf 79' lang='lat' dir='ltr'>disciplinam</span> <span class='ocrx_word' id='word_1_55' title='bbox 649 905 937 980; x_wconf 78' lang='lat' dir='ltr'>appellans</span> <span class='ocrx_word' id='word_1_56' title='bbox 954 924 1079 960; x_wconf 89' lang='lat' dir='ltr'>mea</span> <span class='ocrx_word' id='word_1_57' title='bbox 1107 905 1332 978; x_wconf 88' lang='lat' dir='ltr'>quidem</span> <span class='ocrx_word' id='word_1_58' title='bbox 1352 902 1626 960; x_wconf 86' lang='lat' dir='ltr'>sententia</span> <span class='ocrx_word' id='word_1_59' title='bbox 1649 912 1803 958; x_wconf 87' lang='lat' dir='ltr'>recte</span> <span class='ocrx_word' id='word_1_60' title='bbox 1825 922 1936 978; x_wconf 87' lang='lat' dir='ltr'>ap·-</span> 
     </span>
    </p>
   </div>
   <div class='ocr_carea' id='block_1_3' title="bbox 193 991 512 1067">
    <p class='ocr_par' dir='ltr' id='par_1_3' title="bbox 193 991 512 1067">
     <span class='ocr_line' id='line_1_9' title="bbox 193 991 512 1067; baseline -0.013 -18"><span class='ocrx_word' id='word_1_61' title='bbox 193 991 512 1067; x_wconf 85' lang='lat' dir='ltr'>pellaveris.</span> 
     </span>
    </p>
   </div>
   <div class='ocr_carea' id='block_1_4' title="bbox 194 1094 1933 1280">
    <p class='ocr_par' dir='ltr' id='par_1_4' title="bbox 194 1094 1933 1280">
     <span class='ocr_line' id='line_1_10' title="bbox 342 1094 1933 1190; baseline -0.002 -15"><span class='ocrx_word' id='word_1_62' title='bbox 342 1094 447 1176; x_wconf 51' lang='lat' dir='ltr'>Gt(</span> <span class='ocrx_word' id='word_1_63' title='bbox 476 1117 648 1175; x_wconf 85' lang='lat' dir='ltr'>Nobis</span> <span class='ocrx_word' id='word_1_64' title='bbox 673 1138 839 1185; x_wconf 83' lang='lat' dir='ltr'>vero,</span> <span class='ocrx_word' id='word_1_65' title='bbox 875 1117 1103 1190; x_wconf 82' lang='lat' dir='ltr'>hospes,</span> <span class='ocrx_word' id='word_1_66' title='bbox 1140 1126 1199 1171; x_wconf 82' lang='lat' dir='ltr'>et</span> <span class='ocrx_word' id='word_1_67' title='bbox 1222 1125 1387 1172; x_wconf 87' lang='lat' dir='ltr'>antea</span> <span class='ocrx_word' id='word_1_68' title='bbox 1413 1125 1468 1171; x_wconf 85' lang='lat' dir='ltr'>et</span> <span class='ocrx_word' id='word_1_69' title='bbox 1490 1135 1645 1172; x_wconf 87' lang='lat' dir='ltr'>nunc</span> <span class='ocrx_word' id='word_1_70' title='bbox 1668 1114 1740 1172; x_wconf 85' lang='lat' dir='ltr'>de</span> <span class='ocrx_word' id='word_1_71' title='bbox 1766 1115 1933 1172; x_wconf 90' lang='lat' dir='ltr'>disci·-</span> 
     </span>
     <span class='ocr_line' id='line_1_11' title="bbox 194 1203 1528 1280; baseline -0.004 -19"><span class='ocrx_word' id='word_1_72' title='bbox 194 1206 351 1280; x_wconf 90' lang='lat' dir='ltr'>plina</span> <span class='ocrx_word' id='word_1_73' title='bbox 376 1224 410 1260; x_wconf 90' lang='lat' dir='ltr'>a</span> <span class='ocrx_word' id='word_1_74' title='bbox 429 1213 486 1260; x_wconf 88' lang='lat' dir='ltr'>te</span> <span class='ocrx_word' id='word_1_75' title='bbox 518 1205 733 1277; x_wconf 89' lang='lat' dir='ltr'>prolata</span> <span class='ocrx_word' id='word_1_76' title='bbox 758 1212 909 1257; x_wconf 86' lang='lat' dir='ltr'>recte</span> <span class='ocrx_word' id='word_1_77' title='bbox 943 1203 1209 1258; x_wconf 84' lang='lat' dir='ltr'>videntur</span> <span class='ocrx_word' id='word_1_78' title='bbox 1230 1203 1379 1258; x_wconf 88' lang='lat' dir='ltr'>dicta</span> <span class='ocrx_word' id='word_1_79' title='bbox 1407 1206 1528 1259; x_wconf 79' lang='lat' dir='ltr'>effe.</span> 
     </span>
    </p>
   </div>
   <div class='ocr_carea' id='block_1_5' title="bbox 187 1329 1933 3457">
    <p class='ocr_par' dir='ltr' id='par_1_5' title="bbox 187 1329 1933 3457">
     <span class='ocr_line' id='line_1_12' title="bbox 336 1329 1932 1401; baseline -0.001 -13"><span class='ocrx_word' id='word_1_80' title='bbox 336 1330 472 1388; x_wconf 78' lang='lat' dir='ltr'>Ath.</span> <span class='ocrx_word' id='word_1_81' title='bbox 509 1330 803 1385; x_wconf 86' lang='lat' dir='ltr'>Praeclare</span> <span class='ocrx_word' id='word_1_82' title='bbox 835 1329 1050 1401; x_wconf 71' lang='lat' dir='ltr'>igitur5</span> <span class='ocrx_word' id='word_1_83' title='bbox 1097 1329 1168 1386; x_wconf 91' lang='lat' dir='ltr'>de</span> <span class='ocrx_word' id='word_1_84' title='bbox 1206 1329 1294 1384; x_wconf 90' lang='lat' dir='ltr'>his</span> <span class='ocrx_word' id='word_1_85' title='bbox 1334 1330 1600 1385; x_wconf 84' lang='lat' dir='ltr'>videlicet</span> <span class='ocrx_word' id='word_1_86' title='bbox 1640 1342 1797 1387; x_wconf 81' lang='lat' dir='ltr'>recte</span> <span class='ocrx_word' id='word_1_87' title='bbox 1826 1350 1932 1387; x_wconf 84' lang='lat' dir='ltr'>ex·-</span> 
     </span>
     <span class='ocr_line' id='line_1_13' title="bbox 193 1414 1932 1493; baseline 0.001 -22"><span class='ocrx_word' id='word_1_88' title='bbox 193 1417 357 1472; x_wconf 87' lang='lat' dir='ltr'>cultis</span> <span class='ocrx_word' id='word_1_89' title='bbox 376 1414 756 1488; x_wconf 88' lang='lat' dir='ltr'>voluptatibus</span> <span class='ocrx_word' id='word_1_90' title='bbox 779 1426 837 1469; x_wconf 88' lang='lat' dir='ltr'>et</span> <span class='ocrx_word' id='word_1_91' title='bbox 868 1415 1169 1482; x_wconf 66' lang='lat' dir='ltr'>doloi=ibus‚</span> <span class='ocrx_word' id='word_1_92' title='bbox 1195 1435 1339 1488; x_wconf 90' lang='lat' dir='ltr'>quae</span> <span class='ocrx_word' id='word_1_93' title='bbox 1364 1418 1592 1492; x_wconf 87' lang='lat' dir='ltr'>quidem</span> <span class='ocrx_word' id='word_1_94' title='bbox 1609 1417 1932 1493; x_wconf 87' lang='lat' dir='ltr'>disciplinae</span> 
     </span>
     <span class='ocr_line' id='line_1_14' title="bbox 189 1501 1931 1576; baseline 0.002 -18"><span class='ocrx_word' id='word_1_95' title='bbox 189 1506 335 1572; x_wconf 84' lang='lat' dir='ltr'>sunt,</span> <span class='ocrx_word' id='word_1_96' title='bbox 352 1502 658 1576; x_wconf 80' lang='lat' dir='ltr'>maximam</span> <span class='ocrx_word' id='word_1_97' title='bbox 675 1512 894 1575; x_wconf 88' lang='lat' dir='ltr'>partem</span> <span class='ocrx_word' id='word_1_98' title='bbox 915 1502 1042 1556; x_wconf 88' lang='lat' dir='ltr'>illae</span> <span class='ocrx_word' id='word_1_99' title='bbox 1055 1501 1125 1555; x_wconf 89' lang='lat' dir='ltr'>ab</span> <span class='ocrx_word' id='word_1_100' title='bbox 1147 1502 1472 1558; x_wconf 89' lang='lat' dir='ltr'>hominibus</span> <span class='ocrx_word' id='word_1_101' title='bbox 1486 1503 1854 1559; x_wconf 86' lang='lat' dir='ltr'>remittuntur</span> <span class='ocrx_word' id='word_1_102' title='bbox 1866 1524 1931 1561; x_wconf 88' lang='lat' dir='ltr'>ac</span> 
     </span>
     <span class='ocr_line' id='line_1_15' title="bbox 187 1588 1931 1666; baseline 0.001 -22"><span class='ocrx_word' id='word_1_103' title='bbox 187 1588 670 1666; x_wconf 85' lang='lat' dir='ltr'>pervertunturin</span> <span class='ocrx_word' id='word_1_104' title='bbox 685 1589 820 1652; x_wconf 87' lang='lat' dir='ltr'>vita;</span> <span class='ocrx_word' id='word_1_105' title='bbox 851 1588 926 1642; x_wconf 86' lang='lat' dir='ltr'>dii</span> <span class='ocrx_word' id='word_1_106' title='bbox 941 1608 1075 1642; x_wconf 90' lang='lat' dir='ltr'>vero</span> <span class='ocrx_word' id='word_1_107' title='bbox 1087 1589 1384 1644; x_wconf 89' lang='lat' dir='ltr'>hominum</span> <span class='ocrx_word' id='word_1_108' title='bbox 1400 1589 1621 1663; x_wconf 83' lang='lat' dir='ltr'>generis</span> <span class='ocrx_word' id='word_1_109' title='bbox 1633 1601 1838 1645; x_wconf 87' lang='lat' dir='ltr'>natura</span> <span class='ocrx_word' id='word_1_110' title='bbox 1851 1592 1931 1646; x_wconf 87' lang='lat' dir='ltr'>la-</span> 
     </span>
     <span class='ocr_line' id='line_1_16' title="bbox 190 1675 1931 1748; baseline -0.001 -17"><span class='ocrx_word' id='word_1_111' title='bbox 190 1676 389 1731; x_wconf 75' lang='lat' dir='ltr'>botiofi</span> <span class='ocrx_word' id='word_1_112' title='bbox 404 1675 570 1730; x_wconf 88' lang='lat' dir='ltr'>miser</span> <span class='ocrx_word' id='word_1_113' title='bbox 571 1675 756 1729; x_wconf 89' lang='lat' dir='ltr'>atione</span> <span class='ocrx_word' id='word_1_114' title='bbox 769 1695 873 1748; x_wconf 75' lang='lat' dir='ltr'>pel</span> <span class='ocrx_word' id='word_1_115' title='bbox 876 1676 1014 1730; x_wconf 85' lang='lat' dir='ltr'>moti</span> <span class='ocrx_word' id='word_1_116' title='bbox 1029 1677 1372 1731; x_wconf 83' lang='lat' dir='ltr'>remiffiones</span> <span class='ocrx_word' id='word_1_117' title='bbox 1387 1679 1507 1732; x_wconf 77' lang='lat' dir='ltr'>eius</span> <span class='ocrx_word' id='word_1_118' title='bbox 1519 1675 1780 1732; x_wconf 89' lang='lat' dir='ltr'>laborum</span> <span class='ocrx_word' id='word_1_119' title='bbox 1797 1696 1931 1730; x_wconf 88' lang='lat' dir='ltr'>con-</span> 
     </span>
     <span class='ocr_line' id='line_1_17' title="bbox 187 1759 1930 1836; baseline -0.001 -19"><span class='ocrx_word' id='word_1_120' title='bbox 187 1764 486 1817; x_wconf 82' lang='lat' dir='ltr'>stituerunt</span> <span class='ocrx_word' id='word_1_121' title='bbox 500 1761 720 1815; x_wconf 87' lang='lat' dir='ltr'>dierum</span> <span class='ocrx_word' id='word_1_122' title='bbox 744 1759 1012 1815; x_wconf 86' lang='lat' dir='ltr'>festorum</span> <span class='ocrx_word' id='word_1_123' title='bbox 1026 1761 1427 1816; x_wconf 80' lang='lat' dir='ltr'>vicissitudines</span> <span class='ocrx_word' id='word_1_124' title='bbox 1441 1772 1496 1817; x_wconf 88' lang='lat' dir='ltr'>et</span> <span class='ocrx_word' id='word_1_125' title='bbox 1518 1763 1728 1831; x_wconf 82' lang='lat' dir='ltr'>Musas,</span> <span class='ocrx_word' id='word_1_126' title='bbox 1755 1763 1930 1836; x_wconf 86' lang='lat' dir='ltr'>Apol-</span> 
     </span>
     <span class='ocr_line' id='line_1_18' title="bbox 188 1847 1929 1903; baseline 0.001 -1"><span class='ocrx_word' id='word_1_127' title='bbox 188 1849 363 1903; x_wconf 88' lang='lat' dir='ltr'>linem</span> <span class='ocrx_word' id='word_1_128' title='bbox 399 1848 694 1902; x_wconf 81' lang='lat' dir='ltr'>Musarum</span> <span class='ocrx_word' id='word_1_129' title='bbox 730 1848 931 1901; x_wconf 89' lang='lat' dir='ltr'>ducem</span> <span class='ocrx_word' id='word_1_130' title='bbox 967 1858 1020 1901; x_wconf 89' lang='lat' dir='ltr'>et</span> <span class='ocrx_word' id='word_1_131' title='bbox 1058 1848 1345 1902; x_wconf 89' lang='lat' dir='ltr'>Bacchum</span> <span class='ocrx_word' id='word_1_132' title='bbox 1382 1847 1718 1903; x_wconf 83' lang='lat' dir='ltr'>celebritatis</span> <span class='ocrx_word' id='word_1_133' title='bbox 1754 1848 1929 1903; x_wconf 76' lang='lat' dir='ltr'>socios</span> 
     </span>
     <span class='ocr_line' id='line_1_19' title="bbox 192 1931 1933 1998; baseline 0 -10"><span class='ocrx_word' id='word_1_134' title='bbox 192 1932 592 1998; x_wconf 79' lang='lat' dir='ltr'>attribuerunt,</span> <span class='ocrx_word' id='word_1_135' title='bbox 633 1942 695 1987; x_wconf 91' lang='lat' dir='ltr'>ut</span> <span class='ocrx_word' id='word_1_136' title='bbox 735 1931 1130 1987; x_wconf 86' lang='lat' dir='ltr'>educationem</span> <span class='ocrx_word' id='word_1_137' title='bbox 1161 1932 1315 1986; x_wconf 89' lang='lat' dir='ltr'>inter</span> <span class='ocrx_word' id='word_1_138' title='bbox 1353 1932 1468 1986; x_wconf 84' lang='lat' dir='ltr'>dies</span> <span class='ocrx_word' id='word_1_139' title='bbox 1489 1933 1764 1987; x_wconf 85' lang='lat' dir='ltr'>solemnes</span> <span class='ocrx_word' id='word_1_140' title='bbox 1789 1934 1933 1988; x_wconf 82' lang='lat' dir='ltr'>deo-</span> 
     </span>
     <span class='ocr_line' id='line_1_20' title="bbox 190 2015 1930 2092; baseline -0.001 -18"><span class='ocrx_word' id='word_1_141' title='bbox 190 2037 320 2074; x_wconf 87' lang='lat' dir='ltr'>rum</span> <span class='ocrx_word' id='word_1_142' title='bbox 348 2018 562 2071; x_wconf 79' lang='lat' dir='ltr'>auxilio</span> <span class='ocrx_word' id='word_1_143' title='bbox 580 2015 936 2089; x_wconf 85' lang='lat' dir='ltr'>corrigerent.</span> <span class='ocrx_word' id='word_1_144' title='bbox 975 2017 1289 2072; x_wconf 86' lang='lat' dir='ltr'>videndum</span> <span class='ocrx_word' id='word_1_145' title='bbox 1306 2016 1479 2092; x_wconf 74' lang='lat' dir='ltr'>igitur</span> <span class='ocrx_word' id='word_1_146' title='bbox 1505 2036 1746 2073; x_wconf 84' lang='lat' dir='ltr'>verusne</span> <span class='ocrx_word' id='word_1_147' title='bbox 1767 2019 1930 2073; x_wconf 86' lang='lat' dir='ltr'>nobis</span> 
     </span>
     <span class='ocr_line' id='line_1_21' title="bbox 190 2103 1927 2175; baseline 0 -17"><span class='ocrx_word' id='word_1_148' title='bbox 190 2103 497 2159; x_wconf 87' lang='lat' dir='ltr'>secundum</span> <span class='ocrx_word' id='word_1_149' title='bbox 512 2112 771 2174; x_wconf 84' lang='lat' dir='ltr'>naturam</span> <span class='ocrx_word' id='word_1_150' title='bbox 790 2104 975 2158; x_wconf 89' lang='lat' dir='ltr'>sermo</span> <span class='ocrx_word' id='word_1_151' title='bbox 998 2123 1147 2159; x_wconf 86' lang='lat' dir='ltr'>nunc</span> <span class='ocrx_word' id='word_1_152' title='bbox 1172 2103 1508 2172; x_wconf 89' lang='lat' dir='ltr'>celebretur,</span> <span class='ocrx_word' id='word_1_153' title='bbox 1521 2121 1595 2157; x_wconf 89' lang='lat' dir='ltr'>an</span> <span class='ocrx_word' id='word_1_154' title='bbox 1624 2105 1927 2175; x_wconf 89' lang='lat' dir='ltr'>quomodo.</span> 
     </span>
     <span class='ocr_line' id='line_1_22' title="bbox 191 2167 1930 2263; baseline 0 -18"><span class='ocrx_word' id='word_1_155' title='bbox 191 2190 325 2246; x_wconf 90' lang='lat' dir='ltr'>dicit</span> <span class='ocrx_word' id='word_1_156' title='bbox 349 2198 555 2254; x_wconf 88' lang='lat' dir='ltr'>autem,</span> <span class='ocrx_word' id='word_1_157' title='bbox 595 2167 854 2259; x_wconf 78' lang='lat' dir='ltr'>quicquid</span> <span class='ocrx_word' id='word_1_158' title='bbox 869 2189 990 2243; x_wconf 84' lang='lat' dir='ltr'>fere</span> <span class='ocrx_word' id='word_1_159' title='bbox 1012 2188 1259 2243; x_wconf 89' lang='lat' dir='ltr'>iuvenile</span> <span class='ocrx_word' id='word_1_160' title='bbox 1283 2190 1362 2253; x_wconf 87' lang='lat' dir='ltr'>fit,</span> <span class='ocrx_word' id='word_1_161' title='bbox 1391 2188 1448 2242; x_wconf 85' lang='lat' dir='ltr'>id</span> <span class='ocrx_word' id='word_1_162' title='bbox 1478 2205 1668 2259; x_wconf 87' lang='lat' dir='ltr'>neque</span> <span class='ocrx_word' id='word_1_163' title='bbox 1691 2209 1930 2263; x_wconf 84' lang='lat' dir='ltr'>corpore</span> 
     </span>
     <span class='ocr_line' id='line_1_23' title="bbox 188 2272 1930 2349; baseline -0.001 -18"><span class='ocrx_word' id='word_1_164' title='bbox 188 2294 376 2349; x_wconf 87' lang='lat' dir='ltr'>neque</span> <span class='ocrx_word' id='word_1_165' title='bbox 394 2292 532 2329; x_wconf 87' lang='lat' dir='ltr'>voce</span> <span class='ocrx_word' id='word_1_166' title='bbox 557 2278 708 2347; x_wconf 76' lang='lat' dir='ltr'>pofi&#39;e</span> <span class='ocrx_word' id='word_1_167' title='bbox 744 2274 1058 2345; x_wconf 88' lang='lat' dir='ltr'>quiescere,</span> <span class='ocrx_word' id='word_1_168' title='bbox 1095 2274 1185 2329; x_wconf 89' lang='lat' dir='ltr'>sed</span> <span class='ocrx_word' id='word_1_169' title='bbox 1221 2272 1444 2328; x_wconf 75' lang='grc' dir='ltr'>ωονειί</span> <span class='ocrx_word' id='word_1_170' title='bbox 1475 2275 1699 2345; x_wconf 87' lang='lat' dir='ltr'>semper</span> <span class='ocrx_word' id='word_1_171' title='bbox 1721 2292 1930 2348; x_wconf 87' lang='lat' dir='ltr'>cupere</span> 
     </span>
     <span class='ocr_line' id='line_1_24' title="bbox 187 2354 1928 2434; baseline 0 -18"><span class='ocrx_word' id='word_1_172' title='bbox 187 2379 503 2434; x_wconf 78' lang='lat' dir='ltr'>vocemque</span> <span class='ocrx_word' id='word_1_173' title='bbox 527 2354 770 2431; x_wconf 72' lang='lat' dir='ltr'>mittere,</span> <span class='ocrx_word' id='word_1_174' title='bbox 796 2380 897 2434; x_wconf 89' lang='lat' dir='ltr'>par</span> <span class='ocrx_word' id='word_1_175' title='bbox 902 2361 1000 2415; x_wconf 88' lang='lat' dir='ltr'>tim</span> <span class='ocrx_word' id='word_1_176' title='bbox 1022 2361 1219 2414; x_wconf 83' lang='lat' dir='ltr'>saliens</span> <span class='ocrx_word' id='word_1_177' title='bbox 1235 2371 1291 2415; x_wconf 89' lang='lat' dir='ltr'>et</span> <span class='ocrx_word' id='word_1_178' title='bbox 1303 2360 1614 2427; x_wconf 78' lang='lat' dir='ltr'>exsultans,</span> <span class='ocrx_word' id='word_1_179' title='bbox 1633 2369 1928 2431; x_wconf 87' lang='lat' dir='ltr'>tamquam</span> 
     </span>
     <span class='ocr_line' id='line_1_25' title="bbox 188 2445 1931 2520; baseline -0.002 -17"><span class='ocrx_word' id='word_1_180' title='bbox 188 2450 389 2503; x_wconf 87' lang='lat' dir='ltr'>saltans</span> <span class='ocrx_word' id='word_1_181' title='bbox 417 2466 546 2502; x_wconf 90' lang='lat' dir='ltr'>cum</span> <span class='ocrx_word' id='word_1_182' title='bbox 575 2447 866 2520; x_wconf 85' lang='lat' dir='ltr'>voluptate</span> <span class='ocrx_word' id='word_1_183' title='bbox 888 2456 1059 2516; x_wconf 86' lang='lat' dir='ltr'>atque</span> <span class='ocrx_word' id='word_1_184' title='bbox 1080 2445 1509 2520; x_wconf 78' lang='lat' dir='ltr'>iocans,part1m</span> <span class='ocrx_word' id='word_1_185' title='bbox 1538 2463 1734 2499; x_wconf 88' lang='lat' dir='ltr'>omnes</span> <span class='ocrx_word' id='word_1_186' title='bbox 1758 2446 1931 2502; x_wconf 86' lang='lat' dir='ltr'>emit-</span> 
     </span>
     <span class='ocr_line' id='line_1_26' title="bbox 188 2531 1930 2605; baseline -0.001 -17"><span class='ocrx_word' id='word_1_187' title='bbox 188 2542 312 2588; x_wconf 87' lang='lat' dir='ltr'>tens</span> <span class='ocrx_word' id='word_1_188' title='bbox 337 2552 525 2587; x_wconf 82' lang='lat' dir='ltr'>voces.</span> <span class='ocrx_word' id='word_1_189' title='bbox 598 2551 665 2586; x_wconf 91' lang='lat' dir='ltr'>ac</span> <span class='ocrx_word' id='word_1_190' title='bbox 700 2532 946 2605; x_wconf 84' lang='lat' dir='ltr'>reliquos</span> <span class='ocrx_word' id='word_1_191' title='bbox 978 2531 1206 2602; x_wconf 85' lang='lat' dir='ltr'>quidem</span> <span class='ocrx_word' id='word_1_192' title='bbox 1233 2531 1546 2586; x_wconf 86' lang='lat' dir='ltr'>animantes</span> <span class='ocrx_word' id='word_1_193' title='bbox 1572 2532 1794 2587; x_wconf 88' lang='lat' dir='ltr'>nullum</span> <span class='ocrx_word' id='word_1_194' title='bbox 1818 2533 1930 2587; x_wconf 89' lang='lat' dir='ltr'>ha-</span> 
     </span>
     <span class='ocr_line' id='line_1_27' title="bbox 187 2616 1927 2691; baseline 0.001 -18"><span class='ocrx_word' id='word_1_195' title='bbox 187 2619 322 2675; x_wconf 88' lang='lat' dir='ltr'>bere</span> <span class='ocrx_word' id='word_1_196' title='bbox 351 2620 570 2675; x_wconf 86' lang='lat' dir='ltr'>sensum</span> <span class='ocrx_word' id='word_1_197' title='bbox 607 2619 874 2675; x_wconf 86' lang='lat' dir='ltr'>ordinum</span> <span class='ocrx_word' id='word_1_198' title='bbox 904 2618 963 2670; x_wconf 90' lang='lat' dir='ltr'>in</span> <span class='ocrx_word' id='word_1_199' title='bbox 996 2616 1338 2671; x_wconf 88' lang='lat' dir='ltr'>motionibus</span> <span class='ocrx_word' id='word_1_200' title='bbox 1364 2617 1798 2691; x_wconf 88' lang='lat' dir='ltr'>conspicuorum</span> <span class='ocrx_word' id='word_1_201' title='bbox 1829 2619 1927 2690; x_wconf 87' lang='lat' dir='ltr'>qui</span> 
     </span>
     <span class='ocr_line' id='line_1_28' title="bbox 189 2701 1928 2779; baseline 0 -20"><span class='ocrx_word' id='word_1_202' title='bbox 189 2706 490 2779; x_wconf 82' lang='lat' dir='ltr'>rhythmus</span> <span class='ocrx_word' id='word_1_203' title='bbox 541 2716 599 2761; x_wconf 87' lang='lat' dir='ltr'>et</span> <span class='ocrx_word' id='word_1_204' title='bbox 640 2703 939 2760; x_wconf 89' lang='lat' dir='ltr'>harmonia</span> <span class='ocrx_word' id='word_1_205' title='bbox 984 2701 1278 2771; x_wconf 86' lang='lat' dir='ltr'>dicuntur,</span> <span class='ocrx_word' id='word_1_206' title='bbox 1326 2713 1383 2757; x_wconf 85' lang='lat' dir='ltr'>et</span> <span class='ocrx_word' id='word_1_207' title='bbox 1424 2703 1928 2776; x_wconf 87' lang='lat' dir='ltr'>perturbationum,</span> 
     </span>
     <span class='ocr_line' id='line_1_29' title="bbox 190 2788 1930 2863; baseline 0 -19"><span class='ocrx_word' id='word_1_208' title='bbox 190 2791 350 2847; x_wconf 87' lang='lat' dir='ltr'>nobis</span> <span class='ocrx_word' id='word_1_209' title='bbox 371 2802 579 2860; x_wconf 89' lang='lat' dir='ltr'>autem,</span> <span class='ocrx_word' id='word_1_210' title='bbox 611 2811 751 2863; x_wconf 87' lang='lat' dir='ltr'>quos</span> <span class='ocrx_word' id='word_1_211' title='bbox 782 2790 1027 2845; x_wconf 82' lang='lat' dir='ltr'>diximus</span> <span class='ocrx_word' id='word_1_212' title='bbox 1049 2789 1181 2842; x_wconf 87' lang='lat' dir='ltr'>deos</span> <span class='ocrx_word' id='word_1_213' title='bbox 1207 2788 1509 2844; x_wconf 86' lang='lat' dir='ltr'>saltationis</span> <span class='ocrx_word' id='word_1_214' title='bbox 1539 2789 1714 2844; x_wconf 86' lang='lat' dir='ltr'>socios</span> <span class='ocrx_word' id='word_1_215' title='bbox 1738 2791 1930 2844; x_wconf 80' lang='lat' dir='ltr'>tribu-</span> 
     </span>
     <span class='ocr_line' id='line_1_30' title="bbox 190 2874 1925 2948; baseline 0.001 -19"><span class='ocrx_word' id='word_1_216' title='bbox 190 2883 275 2930; x_wconf 86' lang='lat' dir='ltr'>tos</span> <span class='ocrx_word' id='word_1_217' title='bbox 299 2881 419 2944; x_wconf 77' lang='lat' dir='ltr'>effe,</span> <span class='ocrx_word' id='word_1_218' title='bbox 432 2877 533 2932; x_wconf 85' lang='lat' dir='ltr'>hos</span> <span class='ocrx_word' id='word_1_219' title='bbox 560 2878 729 2933; x_wconf 87' lang='lat' dir='ltr'>etiam</span> <span class='ocrx_word' id='word_1_220' title='bbox 753 2881 857 2933; x_wconf 84' lang='lat' dir='ltr'>effe</span> <span class='ocrx_word' id='word_1_221' title='bbox 882 2874 1248 2948; x_wconf 88' lang='lat' dir='ltr'>quirhythmi</span> <span class='ocrx_word' id='word_1_222' title='bbox 1270 2887 1328 2930; x_wconf 86' lang='lat' dir='ltr'>et</span> <span class='ocrx_word' id='word_1_223' title='bbox 1350 2874 1683 2931; x_wconf 84' lang='lat' dir='ltr'>harmoniae</span> <span class='ocrx_word' id='word_1_224' title='bbox 1705 2877 1925 2932; x_wconf 88' lang='lat' dir='ltr'>sensum</span> 
     </span>
     <span class='ocr_line' id='line_1_31' title="bbox 192 2961 1928 3039; baseline 0.001 -25"><span class='ocrx_word' id='word_1_225' title='bbox 192 2977 323 3014; x_wconf 88' lang='lat' dir='ltr'>cum</span> <span class='ocrx_word' id='word_1_226' title='bbox 349 2962 637 3039; x_wconf 76' lang='lat' dir='ltr'>voluptate</span> <span class='ocrx_word' id='word_1_227' title='bbox 660 2964 1021 3019; x_wconf 86' lang='lat' dir='ltr'>coniunctum</span> <span class='ocrx_word' id='word_1_228' title='bbox 1045 2961 1323 3024; x_wconf 85' lang='lat' dir='ltr'>dederint,</span> <span class='ocrx_word' id='word_1_229' title='bbox 1364 2980 1477 3035; x_wconf 92' lang='lat' dir='ltr'>quo</span> <span class='ocrx_word' id='word_1_230' title='bbox 1508 2961 1736 3033; x_wconf 90' lang='lat' dir='ltr'>quidem</span> <span class='ocrx_word' id='word_1_231' title='bbox 1763 2962 1928 3015; x_wconf 87' lang='lat' dir='ltr'>exci-</span> 
     </span>
     <span class='ocr_line' id='line_1_32' title="bbox 193 3046 1927 3119; baseline 0.002 -22"><span class='ocrx_word' id='word_1_232' title='bbox 193 3053 315 3098; x_wconf 86' lang='lat' dir='ltr'>tent</span> <span class='ocrx_word' id='word_1_233' title='bbox 342 3064 443 3100; x_wconf 84' lang='lat' dir='ltr'>nos</span> <span class='ocrx_word' id='word_1_234' title='bbox 465 3047 777 3119; x_wconf 82' lang='lat' dir='ltr'>chorosque</span> <span class='ocrx_word' id='word_1_235' title='bbox 803 3048 1013 3103; x_wconf 87' lang='lat' dir='ltr'>ducant</span> <span class='ocrx_word' id='word_1_236' title='bbox 1043 3047 1120 3102; x_wconf 89' lang='lat' dir='ltr'>illi</span> <span class='ocrx_word' id='word_1_237' title='bbox 1135 3089 1150 3114; x_wconf 91' lang='lat'>‚</span> <span class='ocrx_word' id='word_1_238' title='bbox 1177 3047 1523 3103; x_wconf 88' lang='lat' dir='ltr'>carminibus</span> <span class='ocrx_word' id='word_1_239' title='bbox 1539 3056 1594 3101; x_wconf 88' lang='lat' dir='ltr'>et</span> <span class='ocrx_word' id='word_1_240' title='bbox 1619 3046 1927 3101; x_wconf 87' lang='lat' dir='ltr'>saltationi-</span> 
     </span>
     <span class='ocr_line' id='line_1_33' title="bbox 193 3129 1921 3206; baseline 0.002 -24"><span class='ocrx_word' id='word_1_241' title='bbox 193 3129 296 3182; x_wconf 85' lang='lat' dir='ltr'>bus</span> <span class='ocrx_word' id='word_1_242' title='bbox 323 3148 424 3183; x_wconf 88' lang='lat' dir='ltr'>nos</span> <span class='ocrx_word' id='word_1_243' title='bbox 450 3129 684 3192; x_wconf 86' lang='lat' dir='ltr'>invicem</span> <span class='ocrx_word' id='word_1_244' title='bbox 712 3134 1060 3206; x_wconf 84' lang='lat' dir='ltr'>copulantes,</span> <span class='ocrx_word' id='word_1_245' title='bbox 1096 3133 1371 3206; x_wconf 86' lang='lat' dir='ltr'>chorique</span> <span class='ocrx_word' id='word_1_246' title='bbox 1406 3150 1620 3188; x_wconf 87' lang='lat' dir='ltr'>nomen</span> <span class='ocrx_word' id='word_1_247' title='bbox 1644 3151 1678 3187; x_wconf 91' lang='lat' dir='ltr'>a</span> <span class='ocrx_word' id='word_1_248' title='bbox 1703 3131 1921 3187; x_wconf 88' lang='lat' dir='ltr'>laetitia</span> 
     </span>
     <span class='ocr_line' id='line_1_34' title="bbox 192 3207 1922 3294; baseline 0.003 -27"><span class='ocrx_word' id='word_1_249' title='bbox 192 3214 421 3270; x_wconf 87' lang='lat' dir='ltr'>ductum</span> <span class='ocrx_word' id='word_1_250' title='bbox 459 3214 566 3270; x_wconf 86' lang='lat' dir='ltr'>illis</span> <span class='ocrx_word' id='word_1_251' title='bbox 606 3214 982 3287; x_wconf 86' lang='lat' dir='ltr'>imposuerint.</span> <span class='ocrx_word' id='word_1_252' title='bbox 1058 3221 1307 3294; x_wconf 85' lang='lat' dir='ltr'>primum</span> <span class='ocrx_word' id='word_1_253' title='bbox 1330 3207 1511 3290; x_wconf 80' lang='lat' dir='ltr'>igitur</span> <span class='ocrx_word' id='word_1_254' title='bbox 1538 3216 1647 3272; x_wconf 89' lang='lat' dir='ltr'>hoc</span> <span class='ocrx_word' id='word_1_255' title='bbox 1673 3217 1922 3289; x_wconf 86' lang='lat' dir='ltr'>accipia-</span> 
     </span>
     <span class='ocr_line' id='line_1_35' title="bbox 192 3299 1918 3380; baseline 0.003 -29"><span class='ocrx_word' id='word_1_256' title='bbox 192 3318 344 3352; x_wconf 85' lang='lat' dir='ltr'>mus:</span> <span class='ocrx_word' id='word_1_257' title='bbox 396 3318 668 3371; x_wconf 81' lang='lat' dir='ltr'>ponamus</span> <span class='ocrx_word' id='word_1_258' title='bbox 707 3299 1053 3374; x_wconf 83' lang='lat' dir='ltr'>disciplinam</span> <span class='ocrx_word' id='word_1_259' title='bbox 1089 3309 1193 3361; x_wconf 82' lang='lat' dir='ltr'>effe</span> <span class='ocrx_word' id='word_1_260' title='bbox 1226 3304 1475 3380; x_wconf 87' lang='lat' dir='ltr'>primam</span> <span class='ocrx_word' id='word_1_261' title='bbox 1510 3322 1618 3380; x_wconf 75' lang='lat' dir='ltr'>per</span> <span class='ocrx_word' id='word_1_262' title='bbox 1649 3303 1834 3359; x_wconf 84' lang='lat' dir='ltr'>Musas</span> <span class='ocrx_word' id='word_1_263' title='bbox 1862 3309 1918 3353; x_wconf 83' lang='lat' dir='ltr'>et</span> 
     </span>
     <span class='ocr_line' id='line_1_36' title="bbox 191 3384 988 3457; baseline 0.001 -16"><span class='ocrx_word' id='word_1_264' title='bbox 191 3384 535 3456; x_wconf 74' lang='lat' dir='ltr'>Apollinem3</span> <span class='ocrx_word' id='word_1_265' title='bbox 568 3405 637 3440; x_wconf 87' lang='lat' dir='ltr'>an</span> <span class='ocrx_word' id='word_1_266' title='bbox 672 3385 988 3457; x_wconf 74' lang='lat' dir='ltr'>quomodo?</span> 
     </span>
    </p>
   </div>
  </div>
 </body>
</html>
