2124 3672
885 178 1265 236 LEGES
1338 183 1383 238 1.
1922 204 1990 259 21

264 336 412 390 taes,
452 323 707 379 maxime
739 341 833 377 eos
861 322 956 396 qui
983 324 1042 378 in
1071 323 1254 378 alieno
1284 332 1340 377 et
1366 332 1600 379 externo
1621 324 1769 382 bello
1796 330 1985 397 exech

259 412 399 465 lunt.
472 409 788 466 Affirmabit
812 409 933 463 fere
962 412 1072 465 hoc
1102 420 1156 464 et
1183 408 1525 468 consentiet?

406 525 489 579 CI.
528 522 778 599 Quidni?

398 640 534 696 Atlz.
573 637 684 692 Nos
719 657 854 693 vero
893 639 979 693 his
1008 638 1102 711 qui
1130 639 1264 693 boni
1287 640 1390 693 slnt
1416 637 1582 693 etiam
1607 638 1865 695 meliores
1896 641 1989 695 di-

258 724 434 779 cimus
462 727 567 778 esse
593 732 646 776 et
681 724 844 796 longe
868 725 1096 795 quidem
1121 744 1213 778 eos
1240 724 1336 795 qui
1361 723 1610 780 maxime
1634 724 1694 779 in
1719 725 1866 782 bello
1889 725 1987 780 in-

256 810 479 880 figniter
503 809 700 882 optimi
732 810 1094 883 reperiantur.
1169 810 1390 884 po'e‘tam
1424 818 1611 861 autem
1638 829 1740 864 nos
1761 828 1986 883 quoque

257 897 444 950 testem
471 894 757 968 habemus,
783 897 1098 968 Theognin,
1129 896 1315 950 civem
1342 893 1403 947 in
1428 891 1614 947 Sicilia
1633 895 1985 966 Megareum,

254 981 349 1052 qui
375 980 509 1035 dicit

395 1094 596 1167 Cyme,
632 1094 736 1148 tibi
765 1107 992 1167 argento
1017 1093 1190 1150 fuerit
1217 1083 1575 1148 redimendus
1601 1101 1657 1147 et
1675 1111 1837 1163 auro,
1904 1112 1908 1118 ·

524 1179 630 1235 Cui
656 1193 845 1236 manet
868 1183 928 1237 in
953 1182 1086 1238 tristi
1112 1180 1380 1236 seditione
1405 1178 1558 1236 fides.

247 1292 398 1347 hunc
432 1292 607 1365 igitur
634 1294 870 1352 dicimus
890 1299 951 1352 in
978 1297 1117 1351 bello
1143 1294 1597 1371 graviore'longe
1620 1295 1980 1370 multumque

245 1377 341 1431 illo
370 1377 663 1434 meliorem
682 1383 738 1434 se
761 1384 1048 1454 praebere,
1087 1381 1207 1436 fere
1233 1389 1443 1452 quanto
1475 1381 1676 1435 melior
1696 1378 1899 1434 iustitia
1923 1389 1979 1433 et

245 1464 615 1535 temperantia
640 1475 698 1519 et
721 1467 1021 1540 prudentia
1043 1487 1174 1523 cum
1197 1466 1529 1521 fortitudine
1552 1466 1883 1521 coniunctae
1894 1467 1974 1520 so·

242 1548 297 1601 la
322 1546 666 1604 fortitudine.
702 1551 847 1607 fidus
862 1555 1014 1609 enim
1039 1565 1095 1608 et
1120 1553 1330 1627 probus
1352 1553 1412 1607 in
1427 1550 1791 1607 seditionibus
1806 1567 1975 1603 num-

244 1651 415 1703 quam
439 1633 609 1690 fuerit
628 1638 740 1693 fine
766 1641 1031 1695 universa
1055 1639 1290 1706 virtute3
1325 1639 1562 1712 pedibus
1590 1645 1787 1692 contra
1812 1634 1975 1689 diva-

241 1719 427 1774 ricatis
458 1722 554 1793 qui
572 1722 739 1777 firme
764 1727 903 1779 stent
931 1735 985 1779 et
1014 1733 1326 1799 pugnantes
1351 1725 1501 1778 ultro
1526 1732 1771 1778 mortem
1804 1739 1973 1794 oppe-

243 1805 431 1858 tantin
451 1806 615 1874 bello,
641 1808 772 1862 dicit
785 1812 1084 1882 Tyrtaeus,
1108 1809 1375 1883 permulti
1387 1812 1518 1862 sunt
1540 1827 1572 1862 e
1591 1803 1972 1874 mercenarii&

243 1910 484 1961 quorum
514 1893 748 1965 plurimi
764 1897 1121 1970 reperiuntur
1134 1896 1372 1949 audaces
1395 1904 1449 1948 et
1461 1894 1648 1949 iniusti
1673 1903 1728 1947 et
1751 1900 1972 1967 proter-

243 1975 297 2027 vi
333 1985 388 2028 et
422 1977 838 2049 insipientissimi
867 1981 990 2034 fere
1011 1979 1291 2043 omnium,
1327 1979 1620 2051 perpaucis
1642 1977 1973 2047 quibusdam

245 2059 503 2131 exceptis,
544 2065 810 2131 quorsum
837 2064 1008 2136 igitur
1022 2067 1233 2138 spectat
1255 2083 1408 2117 nunc
1423 2062 1748 2120 nobishaec
1774 2062 1972 2127 oratic,

245 2153 299 2196 et
332 2143 464 2214 quid
501 2147 724 2200 tandem
757 2149 1072 2219 patelacere
1094 2148 1281 2202 volens
1301 2148 1442 2201 haec
1464 2146 1711 2218 explicat
1729 2145 1757 2196 2
1793 2144 1970 2200 nimi-

240 2247 373 2282 rum
400 2228 527 2296 hoc,
551 2231 783 2285 omnino
810 2243 926 2285 tam
952 2233 1084 2304 legis
1106 2233 1348 2285 latorem
1368 2231 1610 2284 vestrum
1632 2250 1664 2284 a
1683 2232 1819 2305 Iove
1840 2250 1967 2304 pro-

238 2312 448 2369 fectum
471 2333 638 2387 quam
665 2317 920 2387 quemvis
952 2318 1124 2372 alium
1161 2316 1332 2371 etiam
1361 2334 1565 2390 parum
1591 2317 1966 2389 praestantem

238 2399 383 2454 nihil
399 2400 550 2456 aliud
573 2399 670 2458 nisi
686 2401 835 2456 virtu
844 2413 952 2456 tem
965 2406 1243 2456 summam
1256 2420 1393 2474 prae
1414 2399 1606 2455 ceteris
1619 2401 1965 2475 spectantem
2061 2440 2063 2442 -

238 2488 459 2560 semper
492 2486 739 2540 laturum
769 2491 870 2544 effe
894 2488 1070 2560 legeS,
1119 2489 1191 2541 est
1217 2506 1351 2541 vero
1378 2486 1516 2540 haec
1533 2528 1548 2551 ‚
1586 2497 1650 2540 ut
1675 2486 1963 2559 Theognis

236 2570 343 2637 ait,
379 2570 519 2625 fides
548 2572 610 2625 in
633 2570 838 2626 casibus
864 2573 1161 2643 gravibuS,
1199 2591 1369 2643 quam
1398 2572 1656 2627 iustitiam
1681 2572 1962 2646 quispiam

234 2655 540 2729 perfectam
563 2657 952 2730 appellaverit3
978 2677 1145 2730 quam
1177 2659 1454 2730 Tyrtaeus
1482 2667 1678 2713 contra
1708 2657 1960 2712 laudavit

232 2741 511 2808 maxime,
547 2760 609 2797 ea
647 2743 880 2818 pulchra
915 2744 1142 2815 quidem
1171 2745 1244 2797 est
1279 2754 1331 2797 et
1369 2752 1688 2817 opportune
1725 2762 1759 2797 a
1793 2744 1959 2815 poe'ta

196 2899 199 2901 Α
234 2825 485 2879 laudibus
510 2838 726 2898 ornata,
757 2828 847 2882 sed
861 2839 1049 2883 tamen
1074 2838 1339 2900 quartum
1367 2839 1422 2883 et
1444 2845 1749 2883 numerum
1777 2836 1832 2881 et
1848 2828 1958 2882 ho-

235 2910 386 2964 noris
416 2913 654 2984 gradum
683 2924 874 2969 tenere
903 2915 1198 2969 rectisfime
1224 2914 1459 2970 dicetur.

378 3022 458 3080 CI.
513 3029 562 3081 O
599 3029 824 3102 hospes,
873 3030 1010 3105 legis
1045 3032 1278 3087 latorem
1309 3031 1557 3085 nostrum
1582 3026 1865 3084 reiicimus
1890 3025 1951 3081 in

236 3108 535 3179 postremos
558 3114 690 3186 legis
724 3116 939 3174 latores·

379 3223 514 3276 Am.
553 3225 678 3279 Non
707 3247 808 3282 nos
843 3232 1068 3300 quidem
1096 3231 1241 3297 illos,
1280 3231 1509 3305 optime,
1549 3230 1639 3299 sed
1666 3230 1945 3302 nosipsos,

236 3308 269 3360 sn
307 3318 568 3381 putamus
608 3329 798 3365 omnes
835 3332 976 3386 quae
1010 3316 1430 3372 Lacedaemone
1467 3325 1523 3370 et
1561 3314 1652 3370 hic
1692 3313 1946 3370 conditae
