2176 3672
874 240 1260 299 LEGES
1334 242 1398 298 11.
1941 247 2011 304 85

401 386 562 445 ‘'Ath.
603 387 755 444 Haec
779 384 953 459 igitur
971 383 1231 462 deinceps
1257 386 1443 452 nobis,
1483 386 1639 440 velut
1662 387 1889 466 eqnibus
1914 384 2009 445 in-

280 473 710 547 vestigantibusq‘
729 472 1149 545 perscrutanda,
1177 475 1354 543 gestus
1377 471 1633 526 honestus
1647 472 1709 526 ‘e't
1731 474 1933 528 modus
1954 488 2011 532 et

279 567 475 633 cantus
497 569 550 612 et
563 558 798 612 saltatio.
835 575 981 629 quae
1005 557 1231 630 quidem
1260 559 1293 611 fi
1321 552 1421 611 nos
1448 556 1686 630 fugient,
1719 557 1880 613 irrita
1906 563 2012 617 erit

271 643 448 716 ‘quam
477 644 736 716 deinceps
775 644 843 697 de
879 642 1167 716 disciplina
1188 651 1342 697 recta
1372 644 1482 697 five
1504 642 1719 698 Gmec'a
1739 642 1854 698 five
1874 645 2011 699 bar-

276 729 412 784 bara
434 725 770 784 >habebimus
798 726 1122 803 disputatiO.

422 842 507 899 Cl.
543 822 753 900 Etiam.

419 957 562 1016 Aah.
600 959 717 1013 Iam
749 975 1052 1028 quemnam
1083 955 1193 1010 diei
1220 964 1445 1030 oportet
1469 954 1771 1026 pulchrum
1798 961 2005 1030 gestum

276 1045 369 1099 vel
400 1045 635 1099 modum
659 1043 806 1097 esse?
842 1062 962 1114 age,
999 1041 1178 1094 virilis
1200 1040 1371 1094 animi
1394 1040 1797 1112 laboribusque
1823 1047 2007 1100 vexati

278 1140 335 1184 et
363 1129 548 1202 ignavi
573 1127 633 1184 in
658 1128 833 1183 isdem
858 1137 913 1180 et
927 1124 1253 1197 aequalibus
1275 1126 1562 1182 laboribus
1589 1128 1854 1184 versantis
1868 1149 2006 1185 num

275 1215 475 1270 similes
495 1215 669 1287 gestus
697 1220 755 1266 et
780 1230 947 1266 voces
969 1212 1146 1266 solent
1168 1212 1311 1267 efle?

421 1326 510 1381 cl.
553 1326 628 1381 At
657 1323 959 1396 quomode,
997 1343 1173 1397 quum
1202 1344 1307 1380 nec
1332 1325 1590 1380 colores?

413 1437 556 1497 Am.
594 1437 766 1494 Recte
788 1458 952 1505 vere,
991 1438 1208 1510 amice3
1245 1450 1304 1493 at
1337 1440 1490 1493 enim
1516 1436 1576 1492 in
1601 1439 1808 1494 mufica
1829 1442 1882 1493 et
1904 1459 2006 1513 ge-

269 1528 379 1582 stus
404 1536 459 1581 et
487 1524 643 1585 modi
671 1524 878 1593 insunt,
916 1543 1093 1595 quum
1118 1526 1178 1579 in
1199 1544 1439 1579 numero
1468 1534 1524 1579 et
1550 1525 1852 1595 harmonia
1874 1545 2005 1580 ver-

267 1614 424 1668 setur
447 1612 680 1666 mufica·
713 1620 778 1664 ut
799 1629 1003 1664 nume1
1005 1611 1131 1664 osus
1144 1611 1376 1684 quidem
1394 1621 1450 1664 et
1473 1611 1578 1665 hai
1581 1610 1836 1675 monicus
1851 1633 1882 1667 1
1885 1623 2006 1686 ecte

269 1698 380 1753 dici
414 1697 574 1770 possit
613 1697 808 1750 modus
847 1696 934 1767 vel
976 1698 1186 1772 gestuS,
1201 1697 1368 1750 bene
1391 1716 1530 1750 vero
1557 1679 1870 1775 coloratum
1897 1717 2005 1771 ap-

267 1782 482 1860 pellare
516 1800 762 1854 nequeas
793 1764 1206 1853 similitudinem
1241 1782 1394 1838 illam
1421 1779 1706 1839 adhibens
1710 1780 1833 1868 qua
1846 1779 2006 1837 chori

269 1867 514 1940 magistri
538 1876 808 1935 utuntur3
845 1859 1050 1938 ignavi
1075 1862 1218 1920 vero
1245 1877 1304 1920 et
1326 1867 1493 1931 fortis
1512 1860 1713 1938 gestus
1714 1885 1778 1921 ac
1801 1866 2004 1923 modus

271 1960 328 2006 et
349 1953 422 2006 est
448 1961 505 2006 et
541 1961 693 2004 recte
721 1952 1036 2026 appellatur
1079 1951 1248 2005 huius
1285 1951 1513 2023 quidem
1549 1950 1826 2035 pulcher,
1858 1953 2006 2008 iuius

269 2056 406 2093 vero
433 2034 626 2110 turpis.
702 2046 872 2106 atque
900 2056 971 2090 ne
996 2035 1146 2115 longi
1172 2037 1373 2113 fimus
1359 2056 1413 2090 ιιι
1440 2035 1549 2088 hae
1566 2055 1628 2090 re
1655 2023 2006 2121 exponenda,

271 2140 466 2175 omnes
503 2120 574 2175 ad
619 2139 798 2176 unum
839 2125 1012 2195 gestus
1052 2101 1319 2194 modique
1358 2114 1560 2176 virtuti
1606 2121 2003 2178 convenientes

265 2206 445 2261 animi
499 2207 595 2260 vel
643 2207 922 2281 emporis,
958 2210 1071 2261 five
1101 2208 1265 2281 ipsius
1305 2208 1417 2261 five
1455 2202 1710 2278 imaginis
1750 2204 2002 2286 alicuius7

268 2289 597 2365 simpliciter
634 2291 793 2345 sunto
833 2292 1073 2363 pulchii,
1115 2291 1468 2347 vitiofitatem
1498 2308 1637 2343 vero
1663 2288 2003 2379 exprimen-

266 2385 348 2431 tes
375 2396 570 2431 omnes
594 2377 878 2432 contrarii.

409 2490 491 2546 Cl.
528 2492 703 2547 Recte
729 2494 999 2548 admones
1025 2502 1079 2547 et
1105 2492 1246 2547 haee
1270 2490 1429 2546 nobis
1451 2490 1518 2543 fic
1543 2490 1598 2542 se
1619 2455 1829 2544 habere
1851 2510 1999 2545 nunc

262 2578 372 2631 esto
396 2579 741 2651 responsum.

406 2690 533 2747 Ath.
573 2693 865 2748 Praeterea
889 2694 1024 2748 hoc:
1063 2701 1256 2746 utrum
1273 2708 1471 2742 omnes
1492 2686 1754 2742 omnibus
1778 2688 1995 2742 choreis

264 2774 477 2847 pariter
499 2779 826 2848 gaudemus,
864 2801 935 2835 an
958 2778 1200 2831 multum
1229 2775 1409 2829 abest?

409 2900 494 2960 cl.
530 2903 778 2960 Multum
802 2924 954 2965 vero.

407 3028 534 3083 Ath.
553 3021 712 3103 Quid
738 3032 909 3102 igitur
928 3041 1196 3107 putamus
1219 3030 1278 3084 in
1292 3047 1545 3084 errorem
1561 3047 1663 3082 nos
1687 3027 1951 3082 inducere
1965 3030 1993 3079 ἲ

267 3118 464 3165 utrum
483 3130 599 3168 non
623 3116 816 3171 eadem
845 3120 971 3173 funt
999 3118 1161 3172 nobis
1187 3117 1410 3171 honesta
1435 3114 1715 3175 omnibus,
1753 3133 1824 3169 an
1853 3113 1995 3167 haec

265 3195 493 3267 quidem
529 3197 754 3270 eadem,
791 3204 951 3257 nobis
989 3222 1125 3258 vero
1163 3218 1278 3255 non
1311 3199 1576 3252 videntur
1612 3200 1805 3254 eadem
1837 3197 1993 3250 effe?

267 3283 614 3351 nequeenim
630 3284 925 3356 quisquam
946 3288 1152 3342 dixerit
1189 3287 1501 3340 saltationes
1517 3285 1867 3339 vitiofitatem
1897 3300 1989 3333 ex-

265 3367 514 3422 hibentes
540 3368 886 3440 pulchriores
901 3372 1002 3423 ess'e
1021 3390 1186 3444 quam
1202 3386 1342 3442 quae
1360 3371 1625 3424 virtutem
1645 3367 1988 3440 exprimant,

1525 3451 1565 3502 [¹¹
1596 3457 1639 3504 2
