2072 3652
654 199 1039 256 LEGES
1111 200 1203 257 VI.
1610 206 1799 266 ,565

0 339 34 414 5²74
73 347 344 402 iuvenum
368 350 468 398 aut
493 343 710 404 senum,
747 340 818 396 ad
854 340 1005 395 idem
1041 341 1148 396 hoc
1171 344 1323 414 quod
1366 344 1602 402 dicimus
1628 369 1798 406 omne

0 420 29 493 Ξ*
73 432 311 487 studium
336 446 565 482 omnem
593 447 698 501 per
728 427 905 481 vitam
943 428 1352 483 intendendum
1383 435 1506 499 effe,
1541 434 1797 504 reliquo-

0 533 43 587 3,,
72 521 204 572 rum
248 529 814 592 vero‘quaecumque
864 511 949 566 his
997 512 1397 585 impedimento
1443 520 1615 571 effent
1658 520 1798 574 nihil

0 624 35 647 n
72 596 415 673 quemquam
450 608 715 669 oportere
750 607 1110 671 anteponere,
1150 607 1204 651 et
1246 599 1472 667 tandem
1513 617 1801 675 quemque

0 679 4 745 ῗ
29 684 276 741 *debere
299 682 467 736 etiam
494 683 879 755 expulsionem
905 700 978 737 ex
1015 682 1157 736 urbe
1193 684 1463 739 sustinere
1484 687 1523 737 fi
1556 693 1802 743 neceffa-

70 768 225 826 rium
257 767 568 833 videretur,
602 768 927 841 priusquam
964 770 1134 823 vellet
1157 771 1357 823 servile
1387 771 1584 842 iugum
1614 773 1800 827 subire

72 864 128 909 et
146 873 181 910 a
214 851 583 913 deterioribus
607 855 746 927 regi,
785 855 879 908 vel
903 855 1035 926 suga
1057 855 1372 924 relinquere
1391 857 1623 916 υνδε-ωε
1664 878 1800 913 nam

0 942 7 964 ⁸
72 943 263 999 omnia
284 946 422 1002 haec
455 945 585 997 sunt
613 939 929 994 sustinenda
954 951 1009 991 et
1031 939 1288 1012 patienda
1307 944 1491 1013 potius
1517 961 1686 1014 quam
1714 947 1800 998 ci·-

3 1020 22 1067 ’ἷ
72 1027 218 1083 vitas
249 1031 522 1087 mutanda
541 1044 717 1098 eaque
748 1025 1034 1077 toleranda
1067 1043 1207 1095 quae
1234 1026 1541 1081 deteriores
1579 1028 1800 1098 efficere

0 1117 2 1121 '
69 1113 210 1168 solet
240 1117 511 1173 homiues.
549 1112 686 1166 haec
719 1119 772 1163 et
809 1117 969 1162 antea
1000 1109 1148 1163 inter
1186 1129 1285 1163 nos
1323 1125 1714 1167 convenerunt
1739 1126 1799 1170 et

0 1219 20 1266 ᾗ,
70 1217 224 1254 nunc
246 1221 346 1257 vos
370 1205 504 1257 haec
534 1209 774 1268 utraque
803 1195 1107 1267 spectantes
1135 1195 1360 1249 laudate
1401 1208 1458 1251 et
1485 1198 1798 1271 vituperate

1 1270 24 1325 'J'
70 1283 224 1355 leges
260 1290 500 1353 nostras,
546 1284 856 1354 vituperate
895 1280 1124 1352 quidem
1163 1298 1548 1354 quaecumque
1582 1284 1652 1338 ad
1687 1284 1800 1339 hoc

0 1364 9 1398 '²
73 1376 424 1433 efficiendum
438 1391 553 1427 non
594 1369 801 1429 valent,
837 1383 928 1417 eas
959 1384 1098 1418 vero
1124 1383 1267 1435 quae
1290 1366 1348 1418 id
1378 1369 1568 1421 valent.
1589 1372 1799 1443 ample-

0 1447 15 1524 ᾖ
70 1462 289 1520 otimiui
309 1472 365 1515 et
388 1458 622 1512 comiter
645 1448 975 1521 accipientes
1000 1449 1175 1501 vivite
1197 1449 1255 1502 in
1280 1451 1354 1503 eis
1367 1473 1388 1517 3
1417 1453 1631 1523 reliqua
1660 1474 1796 1509 vero

72 1547 247 1604 studia
281 1556 338 1599 et
382 1544 453 1597 ad
496 1541 605 1595 alia
642 1552 788 1610 quae
829 1533 977 1587 bona
1012 1533 1280 1590 dicuntur
1309 1538 1611 1609 spectantia
1641 1540 1800 1597 miffa.

72 1635 204 1688 sunt
226 1628 501 1685 faciunda.

216 1713 449 1770 Initium
479 1726 675 1763 earum
687 1705 873 1773 legum
899 1719 1043 1772 quae
1068 1703 1270 1758 deinde
1296 1707 1457 1762 nobis
1478 1709 1801 1766 scribendae

73 1805 208 1859 sunt
227 1801 338 1854 hoc
369 1797 492 1852 fere
528 1795 635 1847 esto
659 1810 692 1844 a
729 1786 890 1840 sacris
921 1788 1171 1844 ductum.
1210 1808 1514 1847 numerum
1538 1795 1801 1851 videlicet:

0 1865 12 1946 ΪῘ
75 1894 303 1962 oportet
326 1883 579 1957 primum
603 1871 782 1949 repeti
808 1892 911 1926 nos
934 1873 1183 1943 quinque
1208 1874 1448 1930 millium
1473 1886 1527 1929 et
1552 1874 1799 1949 quadra-

72 1973 232 2045 ginta
254 1977 390 2040 quot
421 1963 679 2020 habuerit
710 1970 766 2012 et
801 1958 1002 2011 habeat
1043 1958 1332 2013 divisiones
1352 1965 1798 2019 accommodatas

46 2056 371 2122 >universus
406 2049 572 2105 fimul
603 2055 660 2100 et
707 2044 1010 2098 secundum
1043 2043 1252 2112 tribus;
1298 2048 1508 2101 etenim
1543 2050 1692 2118 quod
1723 2049 1799 2103 ad

0 2137 38 2171 ““”
77 2139 474 2196 duodecimam
537 2131 709 2186 totius
750 2140 970 2200 partem
1029 2146 1196 2200 quam
1247 2133 1530 2203 posuimus
1577 2134 1795 2197 attinet,

75 2242 222 2298 quae
242 2225 314 2277 est
338 2213 741 2278 accuratiffime
776 2233 955 2268 unum
984 2223 1038 2268 et
1071 2214 1287 2287 viginti,
1330 2218 1492 2271 vicies
1514 2220 1800 2293 multipli-

74 2319 283 2376 catum,
321 2319 377 2362 et
406 2303 701 2361 universus
737 2318 1008 2354 numerus
1045 2308 1100 2352 et
1142 2301 1322 2356 tribus
1362 2323 1635 2359 numerus
1668 2325 1798 2361 eam

73 2395 264 2451 habet.
301 2407 582 2465 quamque
606 2387 780 2460 igitur
813 2397 1033 2459 partem
1061 2387 1287 2456 cogitari
1322 2398 1545 2459 oportet
1578 2392 1800 2446 sacrum

74 2485 182 2536 esse
212 2479 304 2535 dei
333 2486 562 2542 munus,
597 2475 919 2545 sequentem
953 2472 1167 2525 menses
1210 2482 1269 2525 et
1308 2475 1549 2529 univerfi
1589 2476 1801 2531 circui-

70 2574 218 2621 tum.
254 2570 597 2637 quapropter
618 2558 786 2611 etiam
818 2555 1135 2609 universam
1169 2556 1455 2614 civitatem
1490 2561 1642 2615 ducit
1666 2562 1799 2633 qui-

76 2649 206 2704 dem
246 2646 506 2702 innatum
556 2664 680 2698 eam
732 2642 1076 2703 consecrans,
1122 2642 1220 2695 alii
1251 2662 1388 2696 vero
1423 2644 1543 2698 aliis
1575 2645 1800 2702 sortasse

75 2733 283 2789 rectius
310 2731 717 2786 distribuerunt
752 2726 1079 2797 feliciusque
1113 2728 1507 2783 consecrarunt
1527 2730 1800 2785 distribu—

77 2819 308 2872 tionem.
344 2834 410 2868 ac
431 2833 530 2867 nos
553 2813 779 2884 quidem
803 2831 956 2865 nunc
993 2811 1224 2866 dicimus
1260 2812 1552 2868 rectissime
1584 2818 1798 2887 elegisse

79 2900 327 2974 quinque
363 2898 604 2952 millium
639 2906 696 2951 et.
727 2899 1095 2970 quadraginta
1121 2918 1440 2966 numerum,
1475 2901 1572 2971 qui
1602 2920 1798 2955 omnes

76 2987 254 3042 habet
290 2983 577 3037 divisiones
612 3000 649 3035 a
691 2984 875 3053 prima
923 2984 994 3036 ad
1034 2983 1449 3050 duodecimam,
1499 2984 1798 3040 undecima

83 3077 349 3141 excepta3
395 3068 535 3122 haec
579 3074 766 3136 autem
806 3067 975 3122 habet
1008 3068 1336 3122 levisfimam
1375 3067 1686 3137 medelam3
1734 3071 1794 3126 in

81 3155 319 3210 alteram
344 3153 492 3207 enim
512 3159 732 3225 partem
758 3152 888 3206 sana
913 3152 1169 3209 redditur
1194 3153 1410 3207 duobus
1440 3150 1579 3207 focis
1603 3156 1795 3210 subla-

81 3241 172 3296 tis.
208 3257 354 3312 quae
388 3237 615 3309 quidem
651 3254 788 3290 vere
815 3238 870 3290 se
898 3238 967 3292 fic
999 3238 1223 3305 habere,
1257 3240 1439 3292 sermo
1470 3255 1573 3310 per
1612 3240 1788 3295 otium

44 3391 48 3396 ,
82 3326 313 3383 collatus
341 3319 498 3379 haud
536 3321 736 3396 longus
773 3321 1035 3378 ostendet.
1080 3322 1422 3380 confidentes
1451 3321 1618 3395 igitur
1640 3344 1792 3382 nunc
