2132 3652
693 264 1079 322 LEGES
1152 263 1244 322 VI.
1715 273 1816 329 321

81 430 192 485 que
214 408 285 463 'nd
309 407 649 462 creationem
675 413 782 463 effe
808 409 1142 482 exploratos,
1182 407 1384 463 deinde
1410 427 1505 463 eos
1539 411 1637 481 qui
1660 431 1821 467 crea-

79 494 194 551 turi
219 495 320 548 fint
353 492 615 546 educatos
653 497 757 547 esse
775 493 836 547 in
866 495 1117 548 moribus
1152 493 1411 566 legitimis
1438 488 1582 549 bene
1604 497 1821 552 institu-

77 589 196 646 tos,
232 588 298 634 ut
327 577 687 651 repudiantes
730 587 787 632 et
817 579 1149 652 accipientes
1184 592 1335 635 recte
1377 578 1579 653 poffint
1614 581 1818 653 eligere

75 674 138 719 et
154 663 386 719 ‘reiicere
413 673 654 735 utroque
676 662 889 735 dignos.
917 674 1261 738 quapropter
1276 666 1371 736 qui
1395 663 1814 736 confluxerunt,

73 749 222 806 inter
243 750 299 802 se
335 748 510 819 ignoti
550 758 605 801 et
645 758 937 827 praeterea
971 749 1188 819 inculti,
1227 750 1509 822 quomodo
1540 769 1813 825 umquam

63 843 346 914 poterunt
371 835 481 887 fine
508 833 936 906 reprehenfione
958 834 1303 907 magistratus
1329 838 1560 889 creare?

225 919 314 972 Gl.
352 919 686 990 Numquam
711 917 849 975 fere»

213 1004 354 1061 Am.
395 1006 468 1059 At
501 1004 647 1058 enim
689 1013 971 1058 certamen
996 1004 1374 1061 excusationes
1396 1025 1512 1061 non
1546 1009 1677 1063 sane
1703 1009 1810 1064 ad·-

71 1090 301 1147 mittere
325 1089 581 1144 dicimus.
618 1098 783 1162 atque
804 1090 971 1142 etiam
1002 1090 1105 1144 tibi
1142 1091 1250 1145 hoc
1279 1110 1433 1145 nunc
1464 1099 1516 1144 et
1546 1091 1688 1146 mihi
1714 1094 1809 1147 fa-

72 1175 364 1235 ciundum,
402 1173 664 1246 siquidem
699 1183 761 1228 tu
791 1173 1073 1228 civitatem
1112 1174 1396 1248 promisisti
1425 1175 1659 1242 Cretum
1699 1197 1809 1251 po-

69 1263 209 1336 pulo
243 1270 509 1335 prompto
549 1260 740 1312 animo
783 1259 1026 1312 condere
1062 1280 1191 1314 cum
1223 1280 1432 1314 novem
1461 1260 1700 1331 collegi-5,
1742 1274 1809 1317 ut

69 1365 290 1411 narras,
325 1363 496 1413 nunc,
532 1364 632 1416 ego
660 1355 846 1397 autem
870 1343 966 1397 tibi
988 1345 1265 1415 pollicitus
1285 1347 1408 1398 sum
1437 1344 1495 1396 in
1518 1344 1622 1399 hoc
1649 1349 1808 1417 quod

67 1451 224 1486 nunc
248 1431 484 1485 facimus
516 1428 791 1498 colloquio
826 1429 1098 1482 auxilium
1125 1447 1332 1482 meum.
1369 1428 1605 1486 minime
1629 1432 1806 1503 igitur

69 1518 256 1572 dicens
301 1518 613 1568 sermonem
664 1515 860 1586 sponte
898 1514 1212 1585 relinquam
1245 1530 1542 1582 mancum3
1593 1534 1805 1588 vagans

30 1627 37 1662 .·
67 1603 222 1658 enim
254 1604 293 1656 fi
322 1602 400 1656 ita
434 1608 788 1672 comparatus
818 1598 1047 1653 obviam
1078 1598 1296 1667 veniat,
1333 1598 1599 1655 deformis
1635 1621 1806 1678 repe-

65 1690 265 1746 riatur.

213 1774 295 1829 Cl.
336 1771 569 1843 Optime
590 1765 784 1832 dixisti,
822 1786 855 1819 o
879 1766 1096 1837 hospes.

208 1857 347 1919 ΑιΙι.
381 1857 510 1912 Non
544 1853 718 1907 solum
760 1851 895 1915 hoc,
935 1851 1027 1904 sed
1066 1869 1227 1923 agam
1268 1869 1492 1925 quoque
1525 1870 1634 1924 pro
1662 1854 1806 1912 viri-

12 1980 49 2007 .—
64 1948 172 2005 bus
196 1945 296 2000 ita.

214 2030 299 2085 Cl-
337 2028 485 2084 Sane
508 2024 735 2098 quidem
758 2020 1050 2081 faciamuS,
1087 2022 1220 2074 ficut
1244 2020 1500 2081 dicimuS.
1522 2031 1531 2069 δ

215 2116 354 2173 Am.
391 2112 518 2168 Erit
542 2110 664 2175 hoc,
701 2110 739 2163 fi
767 2107 900 2162 deus
931 2106 1171 2162 voluerit
1192 2116 1249 2161 et
1267 2108 1609 2163 senectutem
1634 2110 1806 2183 supe-

0 2200 2 2216 *
29 2262 38 2268 ,
65 2222 259 2264 remus
286 2208 522 2254 tantum.

211 2285 298 2344 cl.
332 2278 627 2340 Probabile
651 2296 791 2333 vero
815 2278 890 2331 est
913 2295 1045 2332 eum
1064 2276 1229 2332 velle.

219 2370 358 2429 Atlz.
408 2364 704 2423 Probabile
734 2364 890 2430 sane3
939 2363 1227 2435 sequentes
1269 2371 1461 2419 autem
1487 2361 1673 2436 ipsum
1707 2365 1808 2419 su·-

64 2475 290 2518 mamus
314 2453 484 2509 etiam
514 2451 640 2504 hoc.

213 2542 296 2599 CI.
336 2534 666 2614 Quidnam?

118 2668 123 2678 .
207 2629 348 2687 Aah.
396 2621 682 2679 Audacter
722 2628 778 2673 et
814 2616 1128 2694 periculose
1159 2633 1309 2671 nuno
1344 2615 1543 2673 urbem
1578 2638 1612 2674 a
1638 2619 1803 2695 npbig

71 2715 352 2770 conditam
375 2714 494 2764 esse.

216 2794 302 2849 cl.
340 2795 492 2864 Quid
528 2801 583 2847 et
617 2793 884 2864 quorsum
920 2788 1169 2844 maxime
1207 2787 1453 2860 spectans
1480 2787 1622 2845 istud
1647 2808 1802 2846 nune

74 2879 288 2938 dixisti?
504 2922 507 2926 .
742 2933 750 2938 ,,

217 2962 353 3019 Ath.
385 2958 516 3014 'Huc
554 2958 701 3031 quod
738 2959 899 3016 facile
934 2969 990 3013 et
1025 2955 1305 3030 intrepide
1338 2955 1476 3012 viris
1520 2957 1805 3032 imperitis

42 3067 49 3099 5
73 3046 456 3127 praecipimus
478 3052 542 3108 ut
566 3042 839 3117 accipiant
860 3046 1009 3114 leges
1034 3062 1182 3099 nunc
1205 3042 1431 3097 constitu
1441 3051 1539 3094 tas.
1576 3042 1804 3113 perspi-

76 3154 247 3191 cuum
285 3149 425 3184 vero
463 3128 571 3182 hoc
608 3136 777 3194 certe,
813 3129 1011 3195 Clinia,
1048 3129 1248 3200 cuique
1286 3126 1452 3179 etiam
1489 3145 1607 3179 non
1631 3125 1803 3180 valde

77 3216 332 3293 sapienti,
365 3213 521 3269 haud
556 3212 719 3267 facile
751 3230 842 3267 eas
871 3230 1206 3287 quemquam
1237 3210 1513 3283 suscipere
1545 3207 1821 3290 initiorfiw

154 3305 312 3363 Tom.
355 3299 458 3357 VI.
517 3355 520 3359 ,
981 3353 986 3358 ,
1068 3382 1069 3385 Ἴ
1395 3292 1453 3352 Χ
