2176 3672
741 227 1126 286 LEGES
1194 228 1291 285 111.
1755 234 1883 303 '¹75

291 373 427 432 Am.
466 371 874 429 Contendimue
902 371 1090 445 igitur,
1123 371 1400 444 reliquam
1433 369 1751 427 orationem
1782 390 1883 426 ra-

150 459 305 516 tione
333 469 388 513 et
412 459 504 514 via
524 461 946 532 persequenteS,
980 459 1258 511 summam
1286 456 1559 532 inscitiam
1585 457 1699 511 vim
1725 457 1881 509 illam

146 545 435 619 pristinam
480 544 802 605 dissolvisse,
841 553 897 598 et
933 544 1093 597 nuno
1119 543 1271 596 idem
1306 542 1416 597 hoc
1449 543 1627 596 solere
1664 541 1880 595 faceret

144 640 210 684 ut
231 628 363 702 legis
388 631 532 684 lator
548 668 565 696 ‚
602 630 642 682 s1
664 648 755 683 res
778 629 835 681 se
869 630 938 682 fic
964 625 1198 694 habe-at,
1237 628 1428 682 conari
1452 619 1651 683 debeat
1677 627 1882 682 civita-

141 714 289 769 tibus
310 732 478 785 quam
505 716 809 769 maximam
838 711 1001 787 posfit
1025 711 1384 784 prudentiam
1410 712 1673 783 iniicere,
1710 712 1882 768 insci-

142 798 275 855 tiam
296 818 434 855 vero
459 818 628 872 quam
653 801 908 855 maxime
929 799 1223 856 eximere..

285 926 368 984 cl.
408 929 569 982 Patet
593 946 747 985 vern.

281 1053 420 1111 Ach.
461 1054 759 1128 Quaenam
787 1054 960 1126 igitur
998 1049 1247 1107 maxima
1268 1051 1390 1107 iure
1412 1051 1521 1108 dici
1549 1052 1753 1126 poterit
1782 1051 1880 1108 in-

141 1140 337 1194 scitia?
374 1141 564 1194 videte
583 1159 656 1193 an
679 1139 835 1193 vobis
849 1157 1070 1212 quoque
1092 1138 1350 1195 videatur
1363 1138 1510 1211 quod
1534 1136 1688 1208 dico3
1726 1139 1879 1212 equi-

138 1226 269 1280 dem
295 1227 439 1281 hanc
464 1245 628 1299 pono,

282 1351 367 1407 Gl.
408 1350 649 1426 Qualem
678 1350 878 1406 istam?

274 1479 408 1536 Ath.
450 1479 508 1533 Si
534 1479 659 1550 quis
691 1479 840 1550 quod
865 1477 1169 1550 pulchrum
1199 1475 1287 1530 vel
1313 1474 1527 1531 bonum
1554 1477 1650 1532 fibi
1676 1479 1875 1534 videa-

132 1573 229 1618 tur
250 1562 304 1617 id
327 1582 442 1617 non
475 1564 794 1635 diligat‚sed
822 1563 953 1618 odio
979 1555 1461 1636 liabeat‚pravum
1478 1581 1616 1617 vero
1643 1573 1698 1617 et
1719 1563 1876 1618 iniu-

132 1651 275 1704 stum
300 1649 448 1720 quod
478 1650 735 1702 videatur
760 1649 953 1720 diligat
986 1660 1043 1702 et
1066 1649 1448 1722 amplexetur:
1487 1648 1636 1702 hanc
1662 1650 1878 1703 dissen-

134 1736 342 1788 fionem
381 1734 534 1787 inter
561 1735 813 1787 dolorem
838 1745 893 1786 et
918 1736 1265 1806 voluptatem
1291 1753 1418 1787 cum
1442 1733 1644 1788 iudicio
1668 1734 1876 1788 rationi

133 1823 507 1875 consentaneo
522 1819 787 1871 inscitiam
805 1819 895 1870 aio
910 1824 1014 1873 esse
1039 1830 1372 1881 extremam,
1392 1820 1700 1874 maximam
1715 1838 1874 1885 vere,

134 1907 264 1977 quia
290 1906 346 1958 in
370 1902 541 1957 animi
570 1902 935 1955 multitudine
960 1903 1216 1967 consistit3
1250 1923 1381 1975 pars
1412 1903 1564 1956 enim
1592 1903 1712 1957 eius
1730 1922 1876 1975 quae

134 1992 329 2045 dolore
342 2000 397 2042 et
415 1990 700 2061 voluptate
719 1987 1112 2041 afficitur-idem
1133 1990 1206 2040 est
1222 1988 1368 2059 quod
1389 1983 1628 2061 populus
1643 1998 1697 2041 et
1719 1990 1876 2042 mul-

132 2078 312 2132 titudo
329 2075 584 2131 civitatis.
624 2075 847 2144 quando
869 2071 1039 2144 igitur
1059 2072 1294 2126 scientiis
1320 2075 1409 2127 vel
1427 2072 1645 2126 iudiciis
1666 2073 1758 2126 vel
1775 2091 1875 2126 ra-

130 2163 300 2226 tioni,
341 2170 543 2215 natura
578 2159 952 2231 principatum
991 2158 1345 2225 tenentibus,
1382 2158 1716 2212 adversatur
1745 2159 1877 2211 ani-

129 2266 286 2312 mus,
325 2245 460 2297 haec
498 2244 723 2315 appello
758 2244 1063 2308 inscitiam,
1101 2254 1216 2297 tam
1247 2242 1505 2303 civitatis,
1542 2244 1578 2295 fi
1608 2243 1878 2297 modera-

129 2331 343 2386 toribus
371 2339 425 2382 et
445 2329 656 2398 legibus
684 2328 987 2381 multitudo
1015 2348 1128 2381 non
1158 2339 1334 2402 paret,
1364 2347 1530 2402 quam
1562 2332 1727 2381 unius
1744 2329 1876 2398 viri,

129 2435 309 2490 quum
349 2413 626 2489 pulchrae
659 2413 719 2467 in
759 2414 947 2468 animo
983 2416 1172 2472 insunt
1205 2414 1514 2479 oratione8,
1562 2413 1700 2467 nihil
1731 2432 1873 2467 vero

129 2501 456 2575 proficiunt,
495 2497 584 2551 sed
630 2498 797 2570 plane
838 2501 1205 2556 contrarium.
1278 2501 1381 2555 has
1419 2515 1614 2554 omnes
1634 2498 1877 2552 inscitias

129 2585 382 2661 peffimas
406 2585 668 2656 equidem
694 2585 973 2658 posuerim
1000 2586 1235 2640 civitatis
1260 2597 1317 2640 et
1338 2583 1778 2655 uniuscuiusque
1804 2584 1877 2638 ci-

129 2672 318 2735 vium,
354 2689 468 2725 non
500 2671 771 2745 opificum
796 2672 1142 2746 imperitiam,
1178 2673 1216 2726 si
1239 2669 1572 2743 intelligitis,
1612 2669 1878 2745 hospiteS,

131 2757 278 2828 quod
302 2756 442 2810 dico.
1463 2761 1464 2764 ’

278 2879 362 2946 cl.
400 2882 800 2957 Intelligimus,
839 2884 1043 2952 amice,
1081 2893 1137 2939 et
1165 2882 1525 2938 concedimus
1551 2900 1697 2955 quae
1721 2881 1871 2938 dicis,

274 3005 414 3062 Aeh.
452 3006 577 3061 1100
596 3008 768 3080 igitur
789 3012 863 3067 ita
882 3013 1242 3067 constitutum
1276 3021 1331 3065 et
1358 3009 1571 3065 dictum
1602 3011 1749 3075 esto,
1788 3008 1872 3081 ci-

132 3092 294 3148 vibus
328 3108 517 3145 rerum
556 3091 779 3150 illarum
819 3097 1209 3176 ignarissnihil
1245 3094 1718 3150 committendum
1762 3098 1871 3149 effe

133 3177 281 3251 quod
313 3193 440 3229 cum
480 3175 823 3245 magistratus
860 3200 1095 3237 munere
1135 3180 1503 3237 coniunctum
1542 3179 1631 3243 fit,
1688 3177 1867 3232 immo

133 3283 224 3317 eos
249 3272 313 3315 ut
339 3259 559 3314 inscitus
587 3262 1072 3330 reprehendendos
1099 3272 1202 3322 esse
1219 3310 1234 3333 ‚
1283 3265 1493 3318 etiamsi
1520 3263 1655 3317 artis
1684 3265 1867 3317 ratio-

80 3346 84 3354 ς
131 3346 353 3403 cinandi
379 3348 544 3418 plane
581 3347 751 3418 periti
779 3358 835 3402 et
870 3349 932 3403 in
966 3354 1223 3408 omnibus
1258 3349 1558 3406 exercitati
1578 3350 1681 3402 sint
1714 3365 1860 3418 quae
