2176 3672
842 212 1339 269 LEGESI.
1880 213 1952 271 65

368 361 508 422 Ath.
575 358 774 415 Nonne
822 365 1042 431 oportet
1079 354 1246 410 etiam
1294 356 1362 409 de
1392 355 1615 428 reIIquis
1649 359 1832 413 studiis
1872 359 1949 414 ita

229 446 451 504 sentiri?

376 562 462 617 Cl-
503 561 649 620 Sane
675 559 922 632 quidem.

363 675 498 738 Am.
536 677 607 732 Et
620 676 687 729 de
711 672 1139 748 compotationis
1162 673 1414 730 societate
1437 673 1587 729 idem
1604 671 1950 729 sentiendum

226 743 316 828 est,
353 765 389 817 fi
415 761 557 819 hoc
541 781 599 816 m
628 780 691 815 ea
716 770 863 815 recte
887 761 1059 833 potest
1085 759 1471 814 animadverti.

368 877 447 932 CI.
499 876 759 951 Quidni?
809 877 846 929 fi
890 875 1117 946 quidem
1162 874 1453 928 utilitatem
1493 874 1654 928 nobis
1676 874 1949 946 praebere

225 964 489 1017 videatur
514 982 580 1018 ea
605 980 777 1034 quam
804 962 1052 1033 corporis
1081 959 1507 1014 exercitationes
1536 959 1774 1015 afferant
1795 959 1948 1015 haud

221 1050 517 1104 minorem·

365 1163 503 1221 Am.
561 1162 809 1216 Omnino
850 1158 1095 1230 corporis
1125 1159 1586 1215 exercitationem
1616 1161 1846 1233 superat
1882 1179 1946 1214 eo

222 1248 368 1320 quod
397 1249 532 1301 haec
561 1265 687 1300 cum
711 1245 992 1300 doloribus
1023 1245 1322 1300 coniuncta
1349 1248 1435 1313 est,
1474 1245 1570 1301 illa
1590 1266 1730 1301 vero
1754 1268 1886 1302 non.

363 1359 446 1414 (ΙΙ.
483 1360 651 1415 Recte
675 1358 826 1425 (licie,
865 1358 1040 1411 mirer
1071 1378 1207 1414 vero
1232 1360 1270 1412 fi
1291 1360 1425 1431 quid
1449 1361 1714 1432 possimus
1743 1360 1945 1416 huius-

218 1444 370 1500 modi
393 1445 453 1499 in
476 1465 540 1499 ea
563 1445 872 1518 percipere.

356 1558 511 1616 Athe·
534 1559 653 1612 Hoc
677 1557 847 1629 igitur
875 1558 1079 1631 ipsum,
1116 1567 1183 1612 ut
1211 1567 1380 1630 patet,
1413 1558 1573 1613 nobis
1597 1561 1712 1614 iam
1735 1580 1942 1629 conan-

219 1644 354 1698 dum
380 1646 453 1697 est
476 1644 796 1716 explanare.
869 1643 1058 1714 itaque
1095 1643 1182 1697 dic
1220 1644 1388 1698 mihi:
1428 1644 1641 1700 duasne
1663 1645 1942 1702 timorum

215 1730 422 1802 species
445 1728 570 1783 fere
595 1728 899 1783 contrarias
936 1727 1082 1783 inter
1106 1731 1160 1782 se
1185 1722 1466 1802 possumus
1498 1732 1869 1804 cognoscere?

355 1857 438 1915 Cl.
477 1858 685 1931 Quales
706 1856 933 1910 tandem
954 1855 981 1909 ‘t'

352 1984 486 2043 Ath.
536 1984 650 2039 Has
668 2006 683 2037 ι
733 1982 999 2038 timemus
1025 1982 1282 2038 videlicet
1313 1985 1462 2040 mala
1486 1986 1818 2066 suspicantes
1843 1988 1940 2043 fu-

215 2081 359 2126 tura.

362 2184 445 2240 Ol.
486 2186 685 2241 Etiam.

349 2297 486 2354 Ath.
526 2299 819 2352 Timemus
844 2299 1008 2351 etiam
1032 2299 1192 2368 saepe
1219 2296 1563 2371 opinionem,
1602 2295 1936 2356 arbitrantes

207 2403 306 2439 nos
328 2404 435 2458 pro
460 2384 622 2438 malis
642 2381 838 2438 haberi
866 2381 1130 2436 facientes
1154 2382 1242 2435 vel
1283 2382 1529 2437 dicentes
1552 2384 1758 2455 aliquid
1783 2385 1937 2456 quod

209 2487 325 2523 non
356 2471 417 2523 fit
457 2469 784 2536 honestum3
821 2487 992 2540 quern
1030 2469 1252 2541 quidem
1287 2467 1551 2523 timorem
1576 2488 1679 2523 nos
1707 2469 1935 2541 quidem

205 2572 485 2617 vocamus,
527 2564 581 2608 et
605 2554 847 2609 arbitror
871 2573 1066 2608 ornnes
1087 2571 1323 2626 quoque,
1358 2552 1657 2626 pudorem.

348 2669 432 2725 CI.
471 2667 770 2743 Quidni?-

342 2781 480 2840 Ath.
519 2784 642 2838 Hoc
672 2782 844 2855 igitur
879 2782 1019 2836 duos
1061 2781 1179 2836 dixi
1219 2781 1479 2851 timor-esi,
1514 2800 1759 2854 quorum
1791 2785 1933 2870 alter

206 2867 511 2923 contrarius
546 2870 620 2923 est
663 2869 924 2923 dolorum
952 2866 1412 2939 reliquorumque
1440 2868 1754 2938 timorum,
1793 2862 1931 2925 cori-

208 2949 408 3006 trarius
430 2969 651 3025 quoque
663 2952 1040 3027 plurimarum
1063 2961 1118 3007 et
1139 2953 1524 3009 maximarum
1547 2950 1925 3027 volupta‘tuin.

354 3046 446 3118 cL'
477 3066 788 3130 Rectissime
810 3066 963 3123 dicis·

347 3175 484 3234 ΑιῘι.
534 3179 735 3234 Nonne
773 3181 941 3252 igitur
969 3182 1103 3252 legis
1135 3181 1279 3236 lator
1317 3191 1373 3234 et
1397 3180 1603 3253 quivis,
1641 3181 1737 3254 qui
1759 3181 1925 3255 parvi

205 3261 369 3333 pretii
405 3264 502 3326 est,
542 3263 695 3315 huuc
732 3264 984 3321 timorem
1022 3267 1351 3321 maximoin
1378 3267 1598 3319 honore
1618 3264 1787 3319 habet
1806 3283 1922 3335 pu-

206 3346 396 3402 dorem
419 3365 548 3402 eum
572 3365 799 3418 vocans,
837 3350 1233 3407 confidentiam
1269 3371 1404 3408 vero
1442 3352 1557 3415 eius
1583 3348 1917 3404 contrariam
