2132 3652
597 630 913 699 {LIBER
961 610 1430 709 QUINTUS.

164 841 245 937 P
246 883 498 939 rooemia
521 887 940 950 continuantur,
980 899 1036 945 et
1055 890 1397 955 Atheniensis
1421 891 1517 962 qui
1541 892 1600 944 in
1623 892 1907 966 praegres-

165 972 234 1025 fis
259 970 330 1023 de
356 970 573 1046 honore
600 972 700 1026 diis
736 973 1056 1043 tribuendo,
1095 977 1163 1030 de
1183 995 1318 1029 cura
1356 985 1414 1030 et
1441 976 1815 1044 observantia,
1853 985 1911 1028 et

170 1053 247 1113 (le
270 1053 462 1114 officiis
502 1075 644 1129 quae
688 1058 897 1123 liberis,
952 1062 1216 1131 cognatis,
1255 1061 1468 1115 civibus
1508 1071 1564 1115 et
1598 1060 1912 1134 pelegrinis

146 1141 496 1216 'praestanda
532 1145 637 1197 fint
665 1147 933 1218 exposuit,
972 1146 1085 1201 iam
1115 1147 1183 1200 ad
1208 1147 1462 1203 animum
1503 1145 1707 1219 pergit,
1743 1163 1914 1218 prae-

167 1224 547 1282 stantitfimam
582 1229 831 1285 hominis
863 1252 964 1304 par
970 1243 1099 1299 tem,
1145 1231 1299 1285 cuius
1337 1249 1474 1282 cura
1509 1241 1561 1283 et
1585 1231 1768 1284 cultus
1798 1246 1914 1300 quo

168 1311 560 1381 contineatur,
612 1314 858 1370 declarat
901 1322 1066 1389 (729).
1141 1315 1401 1373 Tertium
1457 1317 1530 1369 est
1571 1320 1807 1387 corpuS,
1855 1313 1917 1366 in

172 1414 285 1468 quo
304 1397 557 1475 fimiiite1⁸
589 1401 724 1472 quid
755 1402 1134 1473 principatum
1163 1401 1427 1465 obtineat,
1465 1402 1657 1470 legum
1681 1401 1919 1453 latorem

174 1483 688 1555 oportetdefinire3
725 1488 840 1560 post
861 1507 1063 1559 corpus
1091 1487 1333 1554 denique
1369 1485 1784 1539 considerantur
1813 1482 1919 1536 ad·-

171 1567 561 1623 minicuiaiila
589 1588 732 1640 quae
758 1572 826 1624 ad
856 1573 1017 1624 usum
1046 1572 1195 1624 vitae
1224 1571 1527 1641 pertinent,
1568 1570 1713 1623 bona
1735 1577 1921 1623 exter-

161 1667 270 1715 ·na,
307 1653 370 1714 in
391 1655 615 1729 quibus,
654 1656 789 1709 ficut
813 1657 872 1709 in
900 1658 1130 1730 reliquis
1158 1658 1436 1722 omnibus,
1476 1654 1785 1709 moderatio
1813 1669 1922 1722 opu

177 1738 318 1805 tima
342 1741 429 1791 est.
466 1789 469 1794 ,
505 1740 766 1795 Parentes
794 1762 991 1795 curare
1018 1761 1132 1798 non
1159 1741 1360 1793 debent
1397 1740 1674 1795 ut.liberis
1700 1737 1923 1791 divitias

174 1823 520 1894 relinquant,
558 1826 649 1877 sed
676 1839 737 1877 ut
774 1828 1170 1880 verecundiam
1212 1827 1287 1878 eis
1323 1826 1594 1899 iniiciant,
1635 1841 1781 1894 quae
1806 1839 1924 1878 non

175 1909 455 1964 vitiorum
484 1911 920 1983 :reprehenfione
964 1920 1341 1982 comparatur,
1382 1912 1475 1963 sed
1506 1909 1792 1963 seniorum
1823 1904 1925 1977 ‘ip-

175 1995 368 2054 sorsum
407 1997 778 2063 verecundia3
818 2016 931 2050 non
970 1997 1121 2048 enim
1153 1995 1197 2048 is
1229 1996 1324 2067 qui
1368 1996 1640 2049 admonet
1668 2001 1926 2049 tantum-.-

178 2081 361 2143 modo.
392 2091 561 2154 atque
597 2081 867 2155 praecipit
903 2101 1040 2136 vere
1077 2082 1293 2146 erudit,
1333 2083 1426 2135 [ed
1462 2098 1633 2152 quem
1676 2078 1736 2134 id
1763 2074 1927 2145 quod.

178 2166 459 2239 praecipit
496 2167 679 2239 ipsum
717 2167 1034 2223 facientem<
1061 2167 1333 2222 videmus.
1423 2163 1724 2235 Sanguinis
1766 2179 1928 2216 com-v

180 2252 508 2304 munionem
539 2261 594 2303 et
620 2253 986 2323 gentilitatem
1019 2256 1200 2308 colere
1229 2252 1517 2319 debemus,
1555 2261 1620 2304 ut
1645 2248 1721 2301 dii
1744 2245 1928 2317 genti*-

179 2335 298 2391 licii
323 2337 381 2389 in
405 2338 711 2391 liberorum
747 2341 1132 2410 procreatione
1158 2338 1316 2392 nohis
1350 2338 1454 2389 sint
1493 2334 1752 2409 propitii5
1787 2332 1931 2386 item

186 2422 453 2478 debemus
475 2423 785 2478 amicorum
819 2435 875 2477 et
901 2425 1110 2479 civium
1139 2421 1574 2477 benivolentiam
1599 2421 1762 2475 nobis
1790 2436 1932 2473 con-

184 2507 392 2574 ciliare,
430 2509 489 2561 in
516 2510 841 2581 peregrinos
875 2530 1009 2563 vero
1049 2520 1103 2563 et
1137 2509 1377 2580 hospites
1407 2528 1478 2562 ne
1501 2523 1796 2581 peccemus
1818 2502 1930 2556 ‘vel

183 2591 436 2663 maxime
460 2595 788 2648 cavendum.
861 2595 1007 2648 Dein
1037 2615 1142 2669 pro
1166 2596 1219 2646 se
1248 2592 1483 2663 quisque
1509 2589 1795 2663 quomodo
1822 2603 1932 2656 op·-

128 2675 131 2678 ⁴
188 2675 329 2737 fimo
357 2676 511 2728 vivat
543 2682 864 2752 exponitur.
943 2681 1089 2735 Ante
1117 2678 1308 2731 omnia
1333 2679 1542 2738 veri-tas
1577 2673 1809 2728 colenda
1839 2671 1936 2753 est,-

186 2770 254 2815 ut
278 2759 516 2813 aliorum
539 2761 706 2817 fidem
734 2785 797 2817 ac
817 2761 1262 2828 benivolentiam
1287 2762 1630 2831 colligamus.
1704 2759 1934 2814 Honore

180 2865 372 2920 ,porros
401 2846 722 2912 afficiendus
761 2851 833 2903 est
869 2848 968 2918 qui
994 2845 1267 2903 iustitiam
1305 2854 1360 2896 et
1396 2846 1508 2916 ipse
1544 2844 1676 2901 coiit
1708 2853 1766 2896 et
1792 2841 1931 2896 alios

171 2950 265 2996 ,ne
294 2931 427 3001 quid
453 2931 638 2986 iniusti
668 2926 877 2987 faciant
915 2930 1189 3003 prohibet.
1265 2930 1368 2984 Vir
1406 2931 1587 2983 bonus
1621 2930 1851 2992 severus
1869 2926 1934 2983 fit

194 3025 421 3089 oportet
444 3015 504 3070 in
534 3037 626 3071 eos
651 3019 746 3089 qui
773 3017 1022 3071 consulto
1047 3023 1279 3087 peccant
1303 3025 1358 3066 et
1407 3035 1436 3068 e
1460 3014 1740 3088 pravitate
1770 3011 1934 3068 labo-

193 3110 327 3156 rent
362 3101 484 3155 fere
512 3102 830 3170 insanabili,
870 3101 1175 3157 misericors
1218 3109 1404 3153 autem
1441 3111 1495 3154 et
1531 3101 1770 3154 clemens
1801 3112 1933 3165 erga

196 3205 289 3240 eos
314 3186 410 3257 ¹qui
437 3189 626 3261 culpas
662 3190 902 3242 leviores
924 3205 1124 3257 easque
1164 3204 1265 3255 per
1293 3205 1545 3239 errorem
1575 3182 1934 3237 committant

200 3272 368 3340 (731).
400 3303 471 3312 -—-
509 3274 819 3328 Maximum
863 3273 922 3356 in
961 3271 1206 3324 hominis
1242 3283 1442 3325 natura
1473 3265 1934 3324 insitum⁹⁴vitium

199 3357 388 3410 suimet
434 3358 598 3427 ipsius
635 3362 704 3411 est
746 3379 930 3423 2⁸‚nnoi
982 3357 1358 3429 plurimorum
1413 3366 1765 3429 peccatorum
1806 3351 1933 3404 fons

1348 3432 1371 3461 ,J
