2176 3672
863 250 1244 308 LEGES
1320 251 1388 307 Π.
1928 273 1998 330 99

227 422 234 428 ·
257 405 488 467 tamque
515 395 719 467 degere
745 392 1036 459 acerbam3
1076 405 1132 449 et
1167 392 1264 452 Ne
1286 391 1636 451 meminerim
1658 395 1901 468 quidem,
1917 398 2000 453 di-

257 481 331 539 eit
359 482 511 535 vobis
535 489 716 554 posta,
747 483 781 535 fi
807 480 972 535 modo
996 490 1146 535 recte
1169 480 1321 552 loqui
1332 490 1441 547 tur,
1477 499 1581 534 nec
1603 484 1880 535 rationem
1899 482 2000 538 ha..

256 565 470 622 huet-im
499 567 614 620 viri
648 568 742 638 qui
773 586 885 620 non
917 565 1106 619 omnia
1133 583 1275 636 quae
1306 565 1570 619 dicuntur
1598 567 1834 637 pulchra
1863 585 1995 641 cuum
2037 606 2042 613 -

253 652 456 707 iustitia
484 662 639 723 gerat
665 663 719 706 et
742 651 1207 725 posfideat,atque
1233 649 1399 704 etiam
1425 651 1520 721 qui
1544 651 1664 703 talis
1693 653 1764 724 est
1787 651 1993 725 gestiet

256 739 505 791 cominus
533 757 662 792 cum
687 737 928 811 Iustilms
954 754 1162 791 manus
1196 734 1481 809 conferre,
1528 734 1760 801 iniustus
1787 756 1924 792 vero
1950 738 1990 790 fi

254 822 449 888 fuerit,
475 820 936 897 nequesustineat
957 821 1144 875 caedis
1169 829 1434 876 cruentae
1450 819 1781 895 adspectum
1798 841 1991 893 neque

237 907 477 983 superet
496 907 662 980 cursu.
691 907 1015 961 'l'lzseicium
1038 905 1301 967 Boream,
1341 924 1524 976 neque
1555 908 1705 960 aliud
1735 908 1868 979 quid
1894 909 1993 963 bo-

251 1015 460 1060 norum
488 1014 625 1066 quae
656 993 921 1046 dicuntur
940 1008 1208 1060 umquam
1237 990 1286 1043 ei
1312 990 1595 1061 obtingat3
1626 1009 1757 1045 nam
1789 1011 1931 1063 quae-
1955 1013 1989 1048 a

253 1080 618 1137 multitudine
648 1078 913 1130 dicuntur
937 1075 1086 1127 bona
1116 1093 1228 1127 non
1258 1086 1409 1129 recte
1439 1076 1720 1138 dicuntur.
1776 1078 1983 1133 etenim

256 1166 530 1237 optimum
558 1164 762 1217 dicitur
787 1161 979 1214 fanum
1012 1163 1131 1221 esse,
1155 1161 1453 1215 secundum
1481 1161 1854 1233 pulchritudo,
1871 1176 1989 1220 ter-

254 1251 399 1303 tium
454 1249 653 1311 robur,
702 1256 964 1317 quartum
1011 1245 1274 1312 divitiae3
1328 1247 1543 1317 aliaque
1578 1246 1797 1303 infinita
1837 1249 1987 1304 bona

253 1343 646 1398 numerantur,
684 1344 747 1385 ut
771 1343 931 1385 acuto
949 1333 1065 1384 visu
1097 1341 1152 1383 et
1169 1330 1364 1384 auditu
1390 1330 1704 1402 praeditum
1725 1338 1829 1388 esse
1855 1355 1986 1388 om..

248 1420 527 1490 nibusque
552 1418 784 1470 sensibus
801 1416 1027 1487 integris
1045 1415 1146 1477 uti,
1166 1426 1458 1488 praeterea
1480 1415 1540 1468 in
1568 1415 1859 1478 dominatu
1881 1426 1986 1476 effe

252 1513 309 1557 et
358 1503 622 1576 quicquid
645 1574 652 1578 .
674 1501 986 1555 collibuerit
1030 1499 1247 1566 facere3
1298 1490 1423 1554 finis
1467 1510 1657 1555 autem
1705 1501 1983 1559 felicitatis

249 1589 433 1643 omnis
463 1588 669 1642 dicitur
695 1591 814 1653 esse,
853 1585 1041 1639 omnia
1066 1586 1203 1638 haec
1226 1587 1586 1656 possidentem
1605 1587 1980 1645 immortalem

250 1676 497 1728 exsistere
534 1674 704 1743 idque
743 1691 910 1742 quam
952 1672 1202 1724 citissime
1230 1672 1512 1742 consequi.
1585 1691 1683 1726 vos
1713 1685 1902 1729 autem
1924 1687 1981 1730 et

245 1779 379 1831 ego,
418 1759 476 1812 ni
517 1757 709 1817 fallor,
749 1756 1018 1819 dicimm,
1055 1757 1195 1810 hae-c
1230 1761 1332 1811 effe
1368 1758 1982 1835 omniaiustisxquidem

251 1857 308 1898 et
337 1845 441 1917 piis
471 1843 609 1896 viris
634 1841 864 1914 optima,
903 1841 1110 1894 iniustis
1135 1844 1267 1895 vero
1288 1843 1517 1912 pesfima
1538 1844 1756 1913 omnia,
1795 1866 1869 1900 ne
1892 1849 1983 1900 sa·-

249 1931 421 1985 nitate
457 1928 681 1998 quidem
713 1936 973 1997 excepta,
1013 1946 1146 1980 nam
1180 1926 1370 1979 videre
1393 1936 1450 1980 et
1471 1927 1666 1981 audire
1694 1939 1748 1982 et
1775 1932 1984 1986 sentiro

250 2023 306 2067 et
334 2015 566 2066 omuino
592 2012 781 2064 vivere
805 2013 1086 2064 summum
1120 2013 1192 2064 est
1211 2012 1422 2065 malum
1449 2012 1500 2064 ei
1523 2012 1616 2083 qui
1650 2013 1981 2071 universum

248 2117 353 2171 per
384 2108 606 2170 tempus
645 2096 1067 2150 immortalitate
1091 2095 1284 2159 fruens
1313 2097 1501 2150 omnia
1538 2115 1679 2166 quae
1705 2095 1851 2152 bona
1887 2101 1983 2155 di·-

249 2193 461 2236 cuntur
501 2182 733 2254 posfidet
756 2201 786 2233 a
809 2183 1007 2235 iustitia
1029 2182 1292 2253 omnique
1318 2182 1530 2235 virtute
1556 2182 1821 2251 seiuncta,
1862 2185 1982 2240 mi...

247 2287 354 2322 nus
384 2287 534 2333 vero,
573 2268 606 2318 fi
644 2285 811 2335 quam
845 2268 1225 2320 breviffimum
1251 2267 1374 2319 talis
1397 2276 1616 2336 tempus
1640 2266 1800 2325 vivit.
1839 2268 1980 2324 haee

246 2354 415 2424 igitur
441 2364 501 2405 ut
534 2352 750 2417 dicant,
789 2352 1061 2419 arbitior,
1098 2371 1242 2422 quae
1269 2370 1389 2422 eg0,
1427 2351 1614 2404 vestiis
1642 2351 1814 2421 poetis
1843 2367 1980 2427 per-

245 2438 543 2492 suadebitis
574 2456 775 2509 eosque
806 2438 1007 2508 cogetis
1024 2477 1037 2504 ,
1089 2446 1145 2489 et
1169 2447 1462 2519 Piaeterea
1487 2446 1552 2490 ut
1577 2439 1979 2495 convenientes

245 2524 332 2578 his
364 2543 625 2577 numeros
659 2533 711 2578 et
737 2523 1055 2578 harmonias
1079 2511 1405 2585 adhibentes
1431 2522 1508 2577 ita
1525 2522 1759 2575 iuvenes
1776 2529 1980 2583 vestros

248 2608 524 2661 erudiant.
598 2628 787 2663 nonne
830 2609 1172 2678 intelligitis?
1220 2626 1320 2678 ego
1360 2607 1509 2659 enim
1545 2606 1695 2660 clare
1732 2608 1787 2662 id
1830 2632 1979 2684 pro-

246 2695 482 2758 nunci0,
523 2713 588 2747 ea
623 2713 763 2766 quae
802 2695 948 2747 mala
974 2693 1232 2746 dicantur
1257 2693 1399 2745 bona
1428 2691 1638 2745 iniustis
1668 2697 1790 2761 effe,
1825 2697 1977 2752 iustis

246 2796 382 2832 vero
409 2780 573 2841 mala,
599 2789 653 2833 et
673 2799 816 2851 quae
843 2781 1009 2845 bona,
1036 2778 1194 2832 bonis
1221 2778 1445 2852 quidem
1473 2795 1669 2831 revera
1687 2779 1832 2835 bona
1853 2787 1975 2846 effe.

247 2861 406 2916 malis
441 2874 630 2916 autem
664 2866 828 2918 mala.
904 2865 1050 2935 quod
1077 2863 1244 2934 igitur
1268 2862 1700 2935 interrogabam,
1738 2870 1976 2921 consen-

249 2946 488 2999 timusne
517 2966 617 3017 ego
644 2960 698 3003 et
725 2951 862 3004 vos?
898 2957 970 3004 {m
996 2950 1126 3022 qui?

398 3070 484 3126 CC.
532 3073 740 3127 Partim
781 3076 925 3132 mihi
971 3074 1199 3149 quidem
1246 3074 1507 3131 videmur
1537 3074 1974 3151 quodammode,

249 3156 455 3232 partim
480 3174 615 3210 vero
638 3177 765 3213 non.

391 3279 530 3340 Aeh.
566 3279 715 3336 Num
738 3283 904 3355 igitur
926 3283 1144 3343 fortasse
1166 3287 1320 3343 vobis
1345 3307 1454 3343 non
1482 3287 1807 3361 persuadeo,
1846 3309 1973 3345 eum

251 3367 350 3441 qui
379 3366 663 3422 sanitatem
688 3377 743 3422 et
779 3367 1000 3426 divitias
1037 3383 1093 3427 et
1124 3372 1479 3429 dominatum
1502 3385 1777 3447 perpetuo
1806 3376 1974 3445 possi-

1512 3457 1566 3511 G
1599 3463 1633 3513 2
