2176 3672
893 115 1390 183 Lsscsssi.
1856 84 2018 204 ’,ῳ

275 273 447 343 solam
499 287 607 343 pro
644 257 877 323 infinitis
911 265 1082 322 rebus
1126 285 1500 342 praeparan3‚
1538 257 1691 326 recte
1728 274 1804 329 ita
1830 272 2019 341 faciat,

270 359 380 411 five
409 358 535 427 quis
568 353 786 409 sibimet
821 353 917 427 ipsi
943 353 1232 409 confidens
1268 362 1470 409 natura
1511 366 1569 409 et
1613 359 2020 414 exercitatione

255 440 415 495 'bene
453 441 510 493 se
542 447 941 512 praeparatum
971 443 1076 495 effe
1113 438 1258 494 nihil
1285 448 1585 494 cunctetur
1604 458 1732 495 cum
1757 441 2016 514 pluribus

267 518 689 599 computoribus
729 526 785 577 se
820 542 1084 580 exercens
1110 526 1230 579 vim
1254 527 1411 579 suam
1441 524 1502 579 in
1533 527 1832 581 necess'aria
1855 545 2017 583 com-

267 613 579 667 mutatione
618 627 721 682 per
756 610 1044 682 potionem
1083 610 1210 665 fieri
1242 610 1400 665 solita
1433 610 1718 687 ostendere
1745 612 2013 685 superans

266 714 336 751 ac
373 697 634 761 vincenS,
682 696 762 750 ita
793 705 860 750 ut
887 697 1044 750 nulla
1067 698 1131 751 in
1163 716 1229 751 re
1256 712 1464 767 magna
1495 695 1764 752 indecore
1786 694 2014 751 fallatur

262 800 450 854 neque
472 790 704 857 propter
747 781 1018 837 virtutem
1050 784 1121 838 de
1145 785 1286 838 statu
1319 782 1685 837 demoveatur
1716 787 1772 836 et
1796 781 1876 837 ‘ad
1900 784 2014 836 'ex-

263 879 509 925 tremam
529 874 822 944 potionem
847 873 1175 943 priusquam
1193 867 1568 942 perveniatur
1592 869 1856 934 discedat,
1881 888 2012 925 om-

262 953 425 1010 nium
439 955 745 1011 hominum
775 956 1001 1011 cladem·
1015 972 1185 1027 quam
1200 951 1356 1025 potio
1370 951 1571 1007 afferat
1590 970 1697 1025 per
1699 954 2007 1009 umescens.

261 1162 295 1219 f
409 1081 488 1140 CI.
526 1082 750 1153 Etiam3
787 1088 1172 1156 temperanter
1203 1076 1372 1148 enim,
1403 1078 1623 1156 ΙιοΓΡεε,
1659 1075 1754 1141 hic
1779 1097 2007 1154 quoque

289 1167 442 1224 aciet.

398 1295 538 1352 Am.
572 1295 786 1351 Rursus
806 1296 979 1368 igitur
1002 1296 1071 1350 ad
1088 1293 1478 1367 legislatorem
1502 1301 1910 1353 convertamur
1925 1295 2006 1351 di·

257 1391 472 1435 centes:
521 1384 641 1436 Iam
677 1382 893 1436 timoris
930 1381 1268 1453 quidem,40.
1294 1379 1435 1452 legis
1471 1380 1645 1446 lator,
1681 1379 2004 1434 remedium

252 1467 582 1522 huiusmodi
618 1485 804 1540 neque
844 1468 982 1522 deus
1019 1466 1174 1522 dedit
1197 1465 1526 1523 hominibus
1550 1465 1865 1537 neque-ipsi
1889 1483 2003 1535 ex-

254 1554 626 1624 cogitavimus
641 1574 660 1622 3
697 1552 1139 1627 praestigiatores
1179 1552 1332 1606 enim
1362 1552 1424 1606 in
1449 1550 1718 1607 convivio
1739 1562 1857 1604 non
1882 1569 2003 1605 nu-

252 1657 446 1701 mer0‚
486 1638 555 1692 de
576 1637 921 1693 confidentia
942 1658 1083 1694 vero
1104 1638 1396 1708 nimiaque
1423 1646 1476 1692 et
1489 1637 1883 1709 intempestiva
1893 1653 2000 1690 au-

252 1722 438 1791 dacia,
477 1725 626 1779 estne
658 1723 817 1838 potio
851 1742 998 1796 quae
1031 1726 1182 1781 hano
1219 1722 1448 1790 efficiat,
1487 1740 1561 1778 an
1589 1721 1875 1798 quomodo
1906 1721 1999 1777 di·

251 1809 475 1864 cimus?

398 1922 478 1979 Gt.
517 1925 610 1980 Est
638 1941 789 1990 vem,
828 1923 973 1976 dicet
998 1922 1108 1975 fine
1137 1898 1325 1989 dubio,
1355 1920 1555 1976 vinum
1582 1923 1909 1996 significans.

390 2035 532 2092 Ath.
567 2033 720 2091 Num
745 2037 914 2091 etiarn
937 2034 1219 2090 contraria
1242 2033 1340 2088 illa
1361 2037 1433 2089 est
1458 2035 1579 2089 eius
1603 2053 1776 2106 quam
1801 2032 1989 2107 modo·

250 2115 543 2177 diximus?
592 2121 959 2176 hominemne
1002 2120 1293 2174 bibentem
1339 2120 1505 2175 efficit
1550 2119 1805 2194 primum
1839 2121 1993 2175 hila-

246 2207 459 2263 riorem
497 2207 676 2262 statim
712 2225 883 2277 quam
927 2215 1059 2260 ante
1083 2213 1230 2268 erat,
1270 2214 1328 2258 et
1355 2224 1465 2275 quo
1490 2207 1619 2278 plus
1646 2206 1763 2259 eius
1791 2209 1990 2278 gustat,

247 2312 315 2346 eo
343 2292 523 2363 magis
554 2293 650 2365 spe
687 2291 837 2346 bona
872 2291 1141 2362 impletur
1179 2299 1236 2342 et
1265 2287 1530 2355 facultate
1554 2291 1816 2362 opinata,
1855 2302 1990 2345 tan-

247 2378 491 2450 demque
516 2376 674 2431 omni
696 2377 819 2430 talis
842 2368 1124 2443 libertate,
1162 2373 1317 2458 quasi
1360 2372 1577 2445 sapiens
1599 2377 1677 2442 fit,
1714 2377 1985 2450 repletur,

242 2463 398 2517 omni
418 2461 649 2518 audacia
676 2471 731 2515 et
753 2459 1107 2529 confidentia,
1143 2468 1208 2514 ut
1235 2445 1484 2531 quidque
1506 2459 1791 2535 intrepide
1816 2472 1871 2517 et
1894 2460 1986 2516 di·

242 2559 332 2605 cat
345 2560 402 2605 et
430 2548 627 2605 faciat‘.
616 2554 634 2584 ²

388 2664 473 2722 cl.
513 2662 720 2738 Quivis
746 2661 928 2727 nobis,
969 2659 1190 2732 opinor,
1228 2657 1368 2714 haec
1397 2661 1678 2717 concedet.

322 2807 325 2809 >
380 2780 516 2850 Ath.
555 2776 815 2852 Quidni?

385 2882 485 2946 ¹C'L'
506 2889 852 2947 Revocemus
882 2889 1197 2962 igiturhoc
1231 2889 1291 2943 in
1324 2868 1689 2955 memoriam,
1727 2889 1841 2943 duo
1875 2908 1978 2944 nos

245 2972 433 3028 dixiffe
457 2973 518 3027 in
541 2973 741 3029 animis
768 2975 873 3028 ess'e
899 2975 1148 3043 colenda,
1183 2994 1364 3030 unum
1396 2977 1523 3042 hoc,
1559 2986 1626 3030 ut
1654 2993 1823 3046 quam
1848 2993 1979 3030 ma-

246 3056 397 3109 xime
428 3057 825 3114 confideremus
841 3100 855 3127 ,
894 3062 1132 3116 alterum
1158 3060 1523 3129 contrarium,
1560 3069 1626 3114 ut
1653 3076 1827 3131 quam
1848 3078 1976 3114 ma-

245 3161 397 3195 xime
419 3142 755 3199 timeremus.

384 3251 511 3307 Atlz.
555 3254 717 3327 Quae
748 3256 974 3326 quidem
999 3261 1068 3313 de
1084 3260 1297 3331 pudore
1324 3258 1567 3328 dicebas,
1605 3268 1668 3314 ut
1690 3266 1971 3331 putamus,

880 3444 895 3470 D
