2124 3672
804 184 805 187 ‘
899 199 1391 257 LEGEsi.
1572 159 1577 165 ⁸
1932 200 2009 279 ὲη

281 343 578 409 adversari,
615 351 668 397 et
694 341 905 417 primos
925 344 1024 416 qui
1052 346 1161 399 aufi
1185 345 1305 426 tint,
1344 351 1576 418 propter
1595 343 1892 404 libidinum
1910 347 2008 406 in·-
2098 346 2106 354 ”

281 427 711 500 temperantiam
741 429 800 483 id
823 429 1161 483 commififfe.
1202 448 1398 484 omnes
1431 448 1568 484 vero
1604 431 1864 488 Cretibus
1890 435 2007 490 cri-

278 512 420 568 mini
466 513 663 568 damus
703 515 850 585 quod
889 514 1229 585 Ganymedis
1261 515 1513 569 tabulam
1539 515 1836 585 finxerint3
1874 520 2007 591 quia

278 599 432 654 enim
456 619 488 653 a
515 601 649 654 Iove
673 601 770 653 fibi
800 601 953 655 datas
984 605 1089 654 este
1113 601 1262 671 leges
1285 601 1633 666 crediderint,
1669 602 1816 657 hano
1836 602 2006 657 fabu-

275 685 405 752 lam}
428 686 489 739 in
530 676 728 743 Iovem
765 689 1029 742 dicuntur
1058 685 1329 752 adieeiffe,
1377 697 1439 741 ut
1482 687 2008 743 imitantes-*scilicet

275 771 447 825 deum
473 772 579 827 hac
606 792 831 845 quoque
856 774 1147 845 voluptate
1172 772 1518 830 fruerentur.
1579 793 1642 827 ac
1662 772 1854 827 fabula
1877 774 2006 846 qui-

274 856 404 921 dem
435 859 635 928 valeat,
661 861 958 915 hominum
984 878 1118 912 vero
1146 858 1214 910 de
1237 857 1448 929 legibus
1472 858 1862 928 quaerentium
1885 866 2007 912 tota.

271 960 454 1015 paene
475 944 822 1017 investigatio
845 947 1051 1018 spectat
1075 943 1145 997 ad
1173 944 1488 1013 voluptates
1515 952 1570 996 et
1597 943 1812 1001 dolores
1828 947 1889 1000 in
1920 947 2005 1002 ci·-

271 1027 542 1081 vitatibus
578 1032 924 1103 privatisque
962 1028 1232 1095 mci-ihm,
1270 1025 1385 1080 duo
1409 1027 1557 1080 enim
1593 1028 1654 1082 hi
1676 1028 1861 1083 fontes
1892 1049 2003 1084 na·-

272 1122 401 1166 tura
428 1113 605 1167 libere
630 1115 847 1177 fluunt,
901 1131 931 1165 e
953 1113 1172 1185 ‘quibus
1210 1112 1311 1182 qui
1332 1110 1540 1178 haurit,
1577 1113 1728 1168 unde
1752 1114 1918 1169 debet
1946 1125 2002 1169 et

272 1201 494 1269 quando
523 1211 578 1254 et
603 1208 897 1271 quantum,
936 1198 983 1251 is
1009 1198 1151 1252 felix
1178 1199 1269 1264 est,
1307 1198 1497 1254 civitas
1521 1188 1700 1271 aeque
1724 1218 1790 1255 ac
1809 1202 2001 1274 priva-

268 1294 359 1338 tus
381 1304 662 1357 omneque
689 1284 912 1352 animal,
938 1284 1033 1355 qui
1062 1302 1202 1338 vero
1225 1282 1523 1338 inscienter
1548 1285 1820 1358 fimulque
1839 1305 2001 1360 prae·

264 1380 353 1424 ter
372 1368 883 1443 opportunitatem,
921 1370 966 1423 is
998 1379 1191 1424 contra
1215 1379 1382 1441 atque
1408 1370 1501 1424 ille
1531 1370 1706 1425 vivet.

405 1500 515 1555 stIe.
566 1497 851 1551 Dicuntur
882 1498 1111 1569 quidem
1147 1497 1317 1564 haec,
1363 1518 1397 1553 o
1429 1497 1662 1572 hospeS,
1708 1488 1999 1572 praeclare

263 1582 702 1656 quodammod0‚
741 1601 1085 1655 quamquam
1111 1583 1382 1638 dubitatio
1405 1583 1563 1638 nobis
1588 1583 1836 1638 iniicitur
1859 1584 1996 1655 quid

261 1669 489 1724 tandem
517 1670 585 1722 ad
615 1668 752 1722 haec
777 1670 976 1742 reponi
1008 1679 1298 1744 oporteat3
1333 1678 1581 1724 attamen
1601 1668 1741 1723 mihi
1766 1668 1995 1741 quidem

259 1765 409 1809 recte
439 1753 666 1809 videtur
698 1755 1173 1809 Lacedaemonius
1209 1754 1344 1828 legis
1368 1754 1519 1808 lator
1542 1753 1776 1826 sanxisse
1795 1764 1858 1807 ut
1886 1754 1995 1807 ho-

259 1840 440 1894 miues
485 1840 808 1912 voluptates
842 1839 1103 1912 fugerent
1115 1862 1133 1908 3
1182 1841 1330 1912 leges
1366 1855 1508 1895 vero
1546 1839 1765 1894 Cnosias
1798 1837 1920 1906 hic,
1956 1840 1993 1891 fi

259 1924 531 1989 voluerit,
584 1924 865 1978 defendet.
942 1925 1176 1997 Spartae
1210 1936 1398 1978 autem
1439 1943 1506 1977 ea
1538 1941 1683 1994 quae
1721 1923 1792 1978 ad
1820 1920 1994 1976 volu·-

260 2019 440 2081 ptates
468 2010 713 2080 spectant
738 2008 991 2062 omnium
1020 2010 1227 2082 optime
1253 2009 1392 2062 mihi
1412 2008 1676 2063 videntur
1701 2008 1994 2063 constituta

261 2099 398 2160 effe3
435 2094 490 2146 id
526 2095 675 2147 enim
700 2095 849 2165 quod
880 2093 1047 2147 efficit
1072 2102 1136 2146 ut
1160 2094 1405 2146 maxime
1430 2092 1687 2147 homines
1709 2093 1990 2147 maximas

256 2178 316 2232 in
357 2179 672 2249 voluptates
711 2180 961 2232 incidant
997 2188 1053 2231 et
1084 2179 1482 2250 protervitates
1518 2195 1860 2248 omnemque
1890 2178 1990 2231 de·
2072 2206 2077 2212 ·

255 2263 542 2323 mentiam,
571 2263 728 2317 eiecit
753 2266 844 2318 lex
874 2283 943 2318 ex
965 2262 1227 2315 universa
1252 2263 1434 2315 nostra
1459 2272 1627 2328 terra,
1654 2273 1707 2317 et
1723 2283 1905 2335 neque
1926 2265 1989 2320 in

255 2349 402 2422 agris
432 2349 619 2403 videas
666 2369 851 2421 neque
892 2348 951 2402 in
988 2347 1217 2401 urbibus
1255 2366 1635 2419 quascumque
1673 2349 1989 2422 Spartiatae

253 2436 574 2506 gubernant
600 2435 854 2488 convivia
877 2454 979 2488 nec
1008 2454 1070 2487 ea
1095 2452 1237 2504 quae
1261 2451 1390 2486 cum
1421 2433 1506 2486 his
1536 2434 1836 2488 coniuncta
1857 2453 1987 2488 otn-

254 2541 355 2576 nes
388 2521 702 2594 xoluptates
741 2538 912 2590 quam
946 2519 1190 2594 maxime
1228 2528 1484 2578 movent,
1545 2538 1649 2572 nec
1687 2519 1985 2592 quisquam

255 2608 330 2660 est
359 2606 494 2676 quin
512 2607 547 2658 fi
571 2604 875 2660 comissanti
899 2604 1064 2657 alicui
1094 2614 1149 2658 et
1168 2601 1326 2657 eb1io
1350 2602 1573 2657 obviam
1595 2603 1709 2670 fiat,
1735 2605 1985 2659 maxima

255 2692 436 2746 statim
478 2709 608 2744 eum
661 2710 841 2763 poena
877 2690 1114 2756 afficiat,
1175 2698 1230 2743 et
1262 2707 1336 2742 ne
1369 2688 1640 2760 Dionyfia
1676 2691 1906 2761 quidem
1945 2690 1982 2741 fi

256 2774 509 2830 ebrietati
532 2775 886 2849 praetendat,
933 2773 1280 2846 impunitum
1311 2793 1443 2827 eum
1471 2775 1741 2841 dimittat3
1780 2792 1983 2844 quem—

188 2889 193 2891 ·
256 2859 557 2914 admodum
583 2861 644 2915 in
665 2863 913 2934 plaustris
941 2859 1057 2913 vidi
1081 2861 1379 2932 aliquando
1395 2860 1547 2933 apud
1577 2876 1708 2920 vos3
1741 2861 1879 2929 quin
1896 2868 1983 2912 et-

255 2942 368 2997 iam
393 2945 619 2999 Tarenti
642 2946 790 3020 apud
815 2948 1023 3000 nostros
1047 2947 1270 3000 colonos
1287 2955 1459 2999 totam
1484 2946 1751 3018 conspexi
1777 2944 1982 2998 civita-

257 3036 372 3081 tem
398 3027 673 3123 Dionysus
710 3031 1107 3097 temulentam,
1095 3051 1106 3063 ·
1142 3029 1292 3108 apud
1322 3051 1423 3086 nos
1447 3050 1583 3086 vero
1610 3030 1751 3085 nihil
1772 3029 1982 3085 huius-

257 3109 409 3164 modi
428 3113 721 3184 reperitur.

399 3235 530 3294 Atlz.
574 3240 623 3289 0
640 3239 1094 3323 Lacedaemonio
1128 3193 1337 3318 hospes,
1375 3245 1542 3299 laude
1562 3244 1789 3316 quidem
1815 3241 1979 3311 digna

253 3323 383 3377 sunt
422 3323 562 3376 haec
598 3312 817 3394 omnia,
855 3329 950 3382 ubi
985 3331 1325 3386 continentia
1359 3332 1629 3403 quaedam
1658 3330 1844 3393 exstat,
1883 3323 1981 3378 ubi
