2124 3672
724 185 1221 245 Lssosss1.
1767 209 1838 266 η

117 343 329 399 tionem
366 337 628 392 dolorum
652 334 761 388 late
782 333 931 407 apud
968 350 1068 386 nos
1103 339 1388 405 patentem
1414 340 1528 386 tam
1552 331 1610 386 in
1635 336 1836 406 pugnis

113 439 251 499 quas
289 422 545 479 manibus
577 420 724 474 inter
757 438 860 475 nos
897 418 1295 475 committimus
1330 434 1498 488 quam
1524 418 1583 472 in
1619 419 1835 492 rapinis

112 496 443 583 quibusdam
477 506 665 561 multis
699 523 827 560 cum
850 504 1023 579 plagis
1053 505 1272 576 sempe1
1299 501 1616 558 coniunctis
1664 522 1839 576 prae-

111 605 266 650 terea
303 592 599 648 occultatio
630 591 906 664 quaedam
942 588 1141 644 dicitur
1175 588 1384 642 mirum
1407 588 1466 642 in
1489 587 1725 643 modum
1752 590 1841 645 la-

110 680 329 736 boriosa
354 680 422 734 ad
445 678 798 735 tolerantiam
816 714 832 739 ,
868 675 1032 730 nudis
1060 674 1292 747 pedibus
1313 674 1497 727 hieme
1518 674 1836 740 incedendi,

110 764 223 820 fine
242 764 493 835 stragulis
515 763 773 830 cubandi,
812 763 919 815 fine
940 761 1107 814 servis
1131 759 1344 813 tibimet
1371 759 1500 832 ipsis
1519 758 1843 816 ministran-

110 850 168 904 di
206 860 263 904 et
301 850 415 905 dies
442 858 744 920 noctesque
782 866 883 921 per
916 856 1088 901 totam
1119 844 1407 915 regionem
1436 844 1673 916 vagandi
1699 864 1842 902 con-

110 934 364 990 suetudo·
412 946 699 1009 praeterea
722 950 950 1006 quoque
983 931 1042 984 in
1071 931 1216 984 ludis
1241 928 1388 982 festis
1413 926 1472 981 in
1497 929 1700 999 quibus
1723 951 1842 988 nu..

111 1018 169 1073 di
195 1021 454 1075 saltamus
476 1039 669 1091 graves
691 1019 842 1089 apud
856 1036 957 1071 nos
982 1014 1305 1070 tolerantiae
1320 1012 1689 1085 reperiuntur
1709 1035 1842 1072 cum

113 1104 309 1160 caloris
338 1104 396 1159 vi
420 1103 821 1178 pugnantium,
861 1111 915 1155 et
939 1099 1224 1173 permulta
1250 1098 1376 1167 alia,
1415 1096 1537 1152 sere
1566 1108 1650 1154 tot
1672 1110 1734 1157 ut
1765 1101 1844 1157 fi·-

113 1209 242 1244 nem
266 1189 388 1262 quis
419 1190 600 1243 facere
626 1187 994 1242 enumerandi
1018 1205 1134 1240 non
1160 1187 1334 1258 possit.

251 1301 389 1358 Aah.
423 1303 574 1357 Bene
588 1319 739 1368 vem,
759 1320 792 1354 o
814 1300 1254 1355 Lacedaemonie
1275 1299 1493 1372 hospe8‚
1519 1300 1678 1355 dicis:
1717 1301 1845 1370 for-

114 1387 411 1443 titudinem
450 1396 667 1449 autem,
706 1405 833 1459 age,
873 1385 1010 1458 quid
1049 1386 1331 1440 sumamus
1370 1387 1515 1443 esse²
1554 1398 1748 1443 utrum
1772 1391 1844 1445 fic.

112 1473 434 1547 {impliciter
471 1492 595 1527 eam
628 1473 877 1527 dicamus
930 1473 1198 1526 adversus
1236 1472 1410 1526 timm
1413 1490 1470 1525 es
1516 1483 1570 1526 et
1620 1473 1844 1554 dolorea

112 1567 331 1614 tantum
358 1549 609 1632 pugnam
639 1562 759 1625 esse,
784 1577 856 1612 an
878 1557 1044 1612 etiam
1072 1557 1249 1611 advei
1251 1557 1339 1610 sus
1362 1557 1627 1611 desideria
1656 1568 1710 1613 et
1733 1579 1846 1613 vo-

113 1646 349 1719 luptates
397 1654 454 1698 et
487 1663 693 1718 pravas
740 1643 1010 1714 quasdam
1053 1638 1351 1698 blanditias
1387 1651 1442 1695 et
1479 1640 1848 1708 adulatione8‚

115 1750 255 1803 quae
279 1729 446 1785 etiam
473 1748 669 1784 eorum
693 1730 792 1801 qui
810 1731 864 1782 se
889 1747 1089 1800 graves
1117 1733 1222 1784 effe
1248 1738 1452 1803 putant
1466 1728 1682 1785 animos
1702 1734 1846 1786 mol..

114 1816 258 1873 liunt
280 1834 580 1888 cereosque
604 1813 889 1872 efficiunt?

258 1930 367 1986 Me.
404 1929 670 1986 Arbitror
694 1929 952 2000 equidem
974 1930 1051 1984 ita
1082 1929 1346 2010 adversus
1374 1920 1514 1985 haec
1539 1931 1749 1986 omnia.

259 2042 393 2097 Ath.
432 2043 550 2097 Iam
581 2043 617 2095 fi
639 2042 992 2114 superiorum
1019 2044 1387 2098 recordamur
1407 2043 1726 2098 orationum
1752 2043 1856 2100 in-.

118 2127 378 2181 seriorem
402 2127 682 2198 quandam
705 2127 800 2181 hic
828 2137 883 2180 et
906 2129 1189 2182 civitatem
1213 2128 1430 2182 dicebat
1451 2129 1625 2183 semet
1647 2129 1766 2202 ipsa
1790 2140 1847 2184 et

118 2212 341 2276 virum;
376 2231 582 2272 nonne,
621 2230 655 2264 o
680 2212 876 2284 hospes
899 2212 1137 2266 Cnosie?

268 2311 353 2366 Ol.
397 2311 545 2367 Sane
573 2311 823 2381 quidem.

257 2409 395 2466 Am.
432 2410 598 2464 Nunc
617 2410 788 2483 igitur
816 2421 1011 2466 utrum
1041 2411 1275 2467 dicimus
1303 2411 1587 2466 doloribus
1613 2411 1851 2469 inferio-

118 2515 240 2552 rem
265 2514 528 2571 pravum,
569 2514 642 2548 an
669 2495 842 2568 magis
869 2496 1252 2570 voluptatibus
1280 2496 1730 2555 succumbentem
1748 2499 1779 2551 ‘2

265 2609 345 2664 Cl.
368 2610 445 2663 Ut
477 2609 617 2664 mihi
650 2610 877 2681 quidem
906 2609 1148 2678 videtur,
1179 2613 1566 2709 voluptatibus
1591 2616 1852 2670 succum—-

121 2695 376 2762 bentem,
413 2714 608 2750 omnes
643 2694 794 2749 enim
827 2697 1000 2766 magis
1026 2697 1261 2752 dicimus
1286 2717 1414 2751 eum
1441 2700 1535 2771 qui
1578 2721 1610 2754 a
1639 2702 1853 2775 volup-

125 2779 326 2835 tatibus
365 2780 659 2853 superetui
690 2784 795 2835 esse
832 2799 962 2836 eum
999 2782 1089 2836 cui
1124 2792 1189 2836 ut
1232 2784 1509 2857 probrum
1554 2784 1853 2841 obiiciatur

124 2856 292 3002 quodb
310 2866 484 2920 semet
517 2864 634 2939 ipso
666 2863 906 2921 inferior
942 2869 1031 2929 fit,
1073 2885 1243 2940 quarn
1281 2871 1375 2942 qui
1403 2870 1683 2927 doloribus
1725 2873 1852 2927 suc-

126 2966 254 3003 cum
293 2957 363 3004 at

268 3061 409 3117 Ath.
446 3063 589 3120 Iovis
630 3065 799 3138 igitur
836 3078 892 3122 et
929 3067 1190 3141 Pythicua
1227 3069 1361 3143 legis
1401 3071 1552 3125 lator
1575 3073 1853 3143 numquid

130 3146 385 3201 claudam
417 3145 806 3207 fortitudinem
833 3155 1163 3219 sanxerunt,
1201 3173 1344 3227 quae
1378 3155 1594 3212 sinistris
1630 3166 1851 3212 tantum

130 3234 290 3304 posfit
320 3233 574 3293 resistere,
614 3230 820 3292 dextris
844 3259 979 3298 vero
1008 3251 1063 3297 et
1086 3240 1227 3297 scitis
1259 3252 1313 3295 et
1334 3240 1549 3300 blandis
1570 3243 1846 3316 nequeat?

130 3336 203 3372 an
227 3336 365 3391 quae
391 3316 640 3389 utrisque
655 3318 683 3369 ‘e
