2176 3672
859 3 882 28 ἱ

802 161 1325 238 ιΕοΕειι
1855 186 1920 256 ὼ

189 331 265 411 lis⁴
287 327 387 384 fiat
410 329 620 382 necesse
646 326 722 379 est
743 322 853 378 illis
874 323 1077 395 quibus
1099 324 1318 396 gaudet,
1348 324 1568 378 vetiamsi
1596 326 1823 382 laudare
1849 349 1913 384 ea

188 421 484 476 vex-catum
521 428 857 484 quamquam
892 411 1175 480 quodnam
1210 409 1392 465 maius
1425 409 1642 465 bonum
1677 414 1767 466 vel
1790 431 1913 468 ma-

186 500 305 554 lum
329 497 646 552 dixerimus
671 494 832 550 nobis
857 514 927 549 ex
952 494 1108 549 omni
1129 496 1446 550 necessitate
1467 495 1753 550 exsistere?

324 596 410 653 CI.
444 595 705 654 Arbitror
729 594 957 665 quidem
980 594 1219 649 nullum.

325 697 457 753 Ath.
504 694 617 751 Ubi
650 694 821 769 igitur
851 695 1000 767 leges
1038 694 1182 747 bene
1208 694 1335 748 sunt
1360 693 1685 750 constitutae
1709 695 1802 751 vel
1828 707 1914 752 et-

184 784 298 857 iam
314 783 376 837 in
390 783 668 858 posterum
686 788 863 846 erunt,
876 799 946 834 an
963 788 1228 853 putamus
1250 779 1310 834 in
1324 781 1609 835 Musarum
1629 779 1914 856 disciplina

184 877 242 923 et
277 867 398 924 ioco
436 868 582 923 hanc
617 869 920 920 concessam
948 863 1243 918 habituros
1269 869 1375 919 effe
1396 863 1678 918 licentiam
1705 860 1911 939 poefaS,

183 961 277 1019 ut,
326 951 588 1024 quicquid
639 952 785 1025 ipsos
823 951 882 1004 in
921 949 1068 1023 po‘e‘fi
1110 948 1345 1003 delectet
1382 949 1453 1002 ad
1487 968 1790 1004 numerum
1826 953 1912 1006 vel

183 1036 422 1091 modum
448 1037 534 1092 vel
560 1037 860 1092 dictionem
885 1036 1167 1106 spectans,
1214 1032 1273 1087 id
1309 1032 1546 1086 doceant
1581 1034 1912 1110 civiumque

180 1119 347 1174 bonis
373 1121 585 1191 legibus
601 1120 973 1175 institutorum
999 1117 1144 1172 filios
1169 1126 1224 1172 et
1237 1118 1470 1172 iuvenes
1487 1119 1546 1172 in
1567 1119 1909 1194 choriS‚pro·

184 1215 249 1259 ut
274 1206 584 1279 contigerit,
618 1206 689 1260 ad
717 1204 983 1259 virtutem
1008 1203 1102 1258 vel
1125 1202 1460 1276 pravitatem
1482 1203 1840 1261 informent?

329 1317 414 1374 cl.
466 1318 834 1391 Nequaquam
874 1317 983 1373 hoc
1013 1320 1086 1372 est
1116 1318 1587 1382 consentaneumg
1624 1320 1725 1392 qui
1757 1319 1909 1376 enim

179 1404 390 1479 potest?

321 1517 455 1573 Ath.
497 1520 663 1575 Nunc
691 1528 882 1574 tamen
917 1518 1065 1573 istud<
1093 1517 1155 1574 in
1194 1499 1909 1594 omnibus'propemodqm

180 1601 415 1659 urbibus
434 1604 564 1659 licet
582 1605 786 1675 facere,
820 1613 1216 1681 praeterquam
1237 1604 1299 1659 in
1319 1605 1588 1678 Aegypto-

272 1742 275 1746 ·
323 1717 406 1773 CI.
479 1720 546 1774 In
571 1717 830 1792 Aegypto
855 1729 1047 1774 autem
1075 1719 1361 1791 quomodo
1385 1719 1494 1773 hoc
1519 1719 1598 1775 ais
1620 1707 1742 1792 Iege
1769 1738 1910 1786 con-

181 1800 430 1858 stitutum
453 1803 600 1859 effe?

324 1917 454 1973 Am.
503 1917 714 1972 Mirum
746 1916 912 1970 etiam
957 1917 1187 1985 auditu3
1238 1909 1570 1976 iamdudum
1611 1917 1792 1982 enim,
1845 1927 1908 1971 ut

182 2000 429 2070 videtur,
465 2002 742 2073 cognitam
760 2003 1082 2057 habuerunt
1098 2001 1242 2056 hanc
1266 2002 1539 2056 rationem
1568 2019 1737 2072 quam
1754 2021 1907 2055 nunc

180 2086 620 2159 pronunciamus
630 2126 650 2152 ,
689 2088 861 2141 bonos
891 2091 1063 2160 gestus
1100 2089 1384 2158 bonosque
1408 2088 1606 2142 modos
1636 2088 1906 2161 suscipere

181 2171 386 2225 debere
423 2174 823 2227 consuetudine
863 2173 1095 2226 iuvenes
1134 2174 1194 2226 in
1233 2173 1581 2240 civitatibus3
1630 2172 1902 2226 his'vero
1942 2175 1951 2186 ”

179 2257 479 2312 constitutis
518 2275 795 2328 quaenam
831 2270 885 2313 et
922 2259 1107 2331 qualia
1144 2262 1344 2321 effent,
1395 2258 1810 2330 proposuerunt
1843 2257 1903 2311 in

180 2342 433 2415 templisf,
484 2361 589 2398 nec
618 2344 822 2398 licebat
861 2363 1042 2416 neque
1080 2342 1387 2417 pictoribus
1417 2361 1599 2415 neque
1622 2341 1750 2396 aliis
1772 2341 1902 2413 qui-'

177 2447 420 2501 cumque
442 2430 620 2501 gestus
642 2430 735 2483 vel
756 2429 900 2483 aliud
923 2428 1053 2501 quid
1070 2428 1735 2502 huiusmodiexprimunt
1746 2428 1903 2499 quic-

120 2515 124 2522 “
179 2533 349 2585 quam
387 2533 599 2568 novare
635 2535 740 2570 neo
781 2515 890 2571 alia
932 2505 1259 2586 excogitare
1294 2524 1520 2587 praeter
1542 2513 1761 2589 patria,
1796 2533 1902 2568 nec

179 2603 329 2654 nunc
347 2599 479 2655 licet
496 2620 678 2673 neque
700 2602 759 2656 in
783 2601 868 2655 his
891 2618 1073 2671 neque
1100 2591 1159 2654 in
1185 2601 1389 2654 mufica
1417 2599 1692 2654 universa.
1763 2618 1902 2672 per-

179 2685 427 2758 scrutans
469 2696 659 2741 autem
699 2686 949 2741 invenies
985 2684 1063 2739 ibi
1098 2683 1302 2740 abhinc
1333 2704 1512 2740 annos
1549 2705 1662 2739 non
1703 2703 1899 2757 prope,

183 2770 271 2822 sed
308 2789 509 2825 revera
550 2771 731 2827 decies
769 2771 922 2827 mille
962 2769 1235 2843 imagines
1276 2771 1447 2842 pictas
1487 2769 1576 2823 vel
1616 2767 1899 2834 ficta8‚'eis

183 2871 328 2919 quae
363 2873 511 2908 nunc
548 2859 920 2913 conficiuntur
962 2876 1140 2928 neque
1182 2856 1534 2931 pulchriores
1556 2873 1737 2927 neque
1773 2864 1899 2908 tur-

186 2935 389 3009 pieres,
426 2940 517 2994 sed
550 2943 743 2997 eadem
768 2952 889 2997 arte
916 2942 1234 2999 elaboratas.

327 3035 411 3092 CI.
446 3038 581 3093 Rem
606 3042 805 3096 miram
840 3044 983 3098 dicis,

327 3134 455 3190 Aah.
509 3137 761 3207 Infignitc
804 3160 936 3195 vero
972 3143 1105 3214 legis
1145 3142 1340 3197 lationi
1384 3142 1806 3196 convenientem
1844 3150 1898 3193 et

187 3218 440 3271 civilem:
481 3230 535 3273 al.
572 3222 674 3274 alia
711 3223 840 3278 vilia
879 3226 1124 3282 invenies
1160 3228 1393 3293 ibidcm;
1436 3228 1572 3282 illud
1604 3230 1792 3282 autem
1827 3227 1895 3279 ad

189 3308 445 3359 mulicam
489 3307 735 3376 spectans
761 3327 955 3364 verum
983 3316 1053 3366 est
1078 3313 1415 3384 dignumque
1454 3313 1897 3371 consideratioxw.
