2176 3672
661 189 1044 251 LEGES
1119 186 1210 246 111.
1707 195 1812 250 155

87 340 381 422 praefectio
405 337 757 410 ducibusque
785 332 1011 411 populi,
1057 341 1347 404 tamquam
1383 331 1634 405 regibus,
1678 355 1812 409 pro-

87 429 275 487 ferant
298 441 610 496 earumque
630 421 1019 494 eligendarum
1045 418 1336 494 optionem
1359 417 1514 473 dent.
1558 428 1729 493 atque
1752 423 1818 476 hi

88 512 314 587 quidem
337 511 439 586 ipsi
464 512 648 582 legum
670 509 875 563 latores
899 504 1352 580 appellabuntur,
1383 504 1512 560 illos
1532 523 1674 560 vero
1697 525 1820 561 mo.

88 599 372 655 dex-atores
401 595 791 651 constituentes
803 593 1139 668 optimatum
1159 589 1622 663 gubernationem
1635 607 1821 663 quan-

10 738 14 741 ,
88 684 218 740 dam
247 684 340 738 vel
361 682 529 737 etiam
557 697 798 752 regnum
811 678 1035 750 aliquod
1063 676 1469 751 epotestatibus
1491 675 1820 736 conflabunt

89 778 147 825 ot
169 770 230 825 in
253 769 357 824 hac
378 767 615 824 civitatis
637 766 995 822 conversione
1017 762 1367 820 habitabunt.

231 896 314 954 cl.
349 898 627 974 Deinceps
650 897 782 950 sane
801 894 881 950 ita
902 903 959 948 et
982 892 1089 948 hae
1113 889 1332 948 ratione
1358 889 1475 946 fiet.

229 1026 369 1082 Ath.
406 1025 661 1090 Tertiam
702 1042 836 1078 vero
866 1022 981 1077 iam
1017 1020 1265 1075 dicamus
1300 1019 1386 1073 rei
1412 1018 1672 1093 publicae
1695 1020 1825 1076 for-

90 1131 264 1182 mam,
301 1114 362 1166 in
388 1131 498 1185 qua
526 1110 755 1184 quidem
780 1128 975 1163 omnes
998 1107 1206 1181 species
1230 1115 1288 1162 et
1319 1105 1642 1165 affectiones
1677 1107 1823 1163 civi-

92 1207 272 1253 tatum
298 1199 567 1269 fimulque
598 1195 825 1251 urbium
845 1202 1210 1249 concurrunt·

241 1324 329 1380 CI.
365 1324 606 1398 Qualem
637 1323 827 1380 istam?

230 1453 367 1511 Alb.
408 1452 594 1523 Quam
617 1453 740 1525 post
760 1452 1056 1506 secundam
1080 1451 1361 1506 Homerus
1389 1467 1616 1523 quoque
1647 1452 1824 1525 figni-

89 1539 301 1607 ficavit‚
318 1540 503 1594 dicens
517 1538 739 1592 tertiam
759 1536 839 1591 ita
862 1536 1138 1591 exstitiffe:
1161 1536 1417 1592 condidit
1434 1520 1826 1609 Dardanicim,

92 1625 225 1680 dicit
251 1625 429 1692 enim,
466 1643 640 1696 quum
675 1624 927 1679 nondam
963 1622 1140 1677 Ilium
1151 1621 1390 1695 sacram
1416 1621 1476 1677 in
1498 1615 1697 1697 campo
1718 1645 1828 1680 ex·-

1762 1292 1789 1325 ἱ

16 1726 20 1729 “
78 1710 364 1787 structum
400 1708 564 1786 estet,
602 1708 738 1764 urba
762 1709 1056 1764 hominum
1077 1709 1430 1764 articulatim
1454 1708 1823 1782 loquentiam,

82 1795 198 1873 fed
224 1795 408 1851 adhuc
449 1797 588 1869 iuga
629 1793 766 1849 Idae
812 1792 1061 1861 fontibus
1094 1791 1465 1867 scaturientis
1509 1796 1830 1855 incolerent.

97 1882 235 1938 dicit
260 1882 411 1935 enim
441 1889 495 1932 et
517 1881 621 1933 hos
652 1881 845 1932 versus
871 1890 927 1932 et
944 1879 1066 1932 illos
1079 1896 1217 1949 quoa
1241 1878 1312 1931 de
1334 1879 1671 1953 Cyclopibus
1685 1882 1835 1939 fudit

95 1966 360 2023 divinitus
385 1965 795 2037 quodammodo
822 1974 880 2019 et
902 1974 1139 2019 naturae
1153 1963 1595 2033 convenienter}
1621 1969 1830 2023 etenim

97 2052 361 2107 divinum
391 2068 568 2123 quum
591 2049 757 2105 etiam
780 2051 1065 2122 poeticum
1087 2052 1150 2103 fit
1176 2067 1371 2121 geum,
1398 2049 1462 2103 in
1488 2053 1834 2110 carminibus

97 2137 208 2191 suis
231 2137 412 2190 multa
435 2155 571 2192 vere
591 2134 741 2191 sacta
764 2135 970 2191 Gratiis
992 2146 1051 2191 et
1072 2137 1240 2191 Mufis
1262 2135 1623 2192 adiutricibus
1636 2140 1832 2212 paffim

98 2221 427 2293 assequitur.

176 2401 182 2406 .
243 2347 325 2405 01.
363 2348 510 2405 Sane
533 2347 780 2421 quidem.

156 2511 162 2518 ·
244 2476 391 2534 Ath.
428 2474 702 2532 Fabulam
729 2475 900 2548 igitur
923 2477 1157 2534 nuncin
1185 2479 1518 2534 memoriam
1540 2479 1836 2536 reductam

100 2563 336 2619 ulterius
358 2564 789 2636 persequamur3
829 2563 1059 2619 forsitan
1087 2565 1240 2619 enim
1264 2565 1473 2620 indicet
1494 2565 1707 2639 aliquid
1733 2587 1836 2622 eo-

103 2666 232 2705 rum
256 2666 400 2721 quae
427 2650 761 2727 spectamus,
797 2668 987 2705 nonne
1012 2650 1274 2726 oportet?

249 2787 335 2846 CI.
370 2789 576 2846 Etiam.

158 3017 171 3030 ι
251 2927 387 2987 Ath.
425 2930 729 3028 (fonditum
763 2941 868 3006 est,
908 2939 1171 3004 dicimuS,
1205 2939 1371 2995 Ilium
1398 2939 1652 2994 deductis
1681 2940 1837 2993 colo-

113 3034 199 3072 ms
224 3033 257 3069 a
279 3024 485 3069 montis
508 3019 648 3091 iugis
673 3021 737 3076 in
769 3026 952 3099 campi
987 3024 1274 3098 planitiem
1290 3069 1306 3093 ,
1341 3026 1402 3079 in
1426 3026 1566 3080 colle
1590 3024 1837 3096 quodam

115 3120 232 3156 non
256 3100 469 3240 extcelso
496 3104 804 3179 multosque
823 3109 1064 3169 habente
1084 3112 1288 3169 fluvios
1307 3130 1376 3168 ex
1389 3111 1523 3167 Idae
1546 3109 1839 3175 cacumine

116 3203 323 3244 manau
352 3204 423 3238 es.

261 3327 339 3384 Cl.
380 3328 587 3387 Dicunt
610 3349 763 3389 vero.
