2176 3672
798 132 1343 210 tsscsss1u
1838 155 1935 214 ιω

196 309 250 361 et
280 297 485 354 deinde
526 284 690 349 etiam
733 303 936 350 natura
972 293 1249 366 quaedam
1290 293 1541 346 humana
1581 314 1711 350 cum
1744 296 1937 356 divina

190 379 431 458 quadam
461 379 520 433 vi
553 380 866 453 permixta,
906 380 1209 454 imperium
1240 380 1485 455 vestrum.
1516 395 1693 449 quum
1721 382 1934 438 vidisset

194 466 378 544 adhuc
408 464 823 520 inflammatum
842 507 860 531 ,
890 463 1232 538 temperavit
1270 464 1608 538 prudentem
1634 465 1931 522 senectutis

187 553 304 618 vim
346 568 476 606 eum
513 548 753 621 superbo
774 550 997 649 generis
1021 550 1254 618 r0b01e,
1293 548 1705 622 duodetriginta
1731 551 1929 607 senum

182 630 509 714 potestatem
548 636 814 690 maximis
849 638 907 690 in
938 634 1104 690 rebus
1135 654 1330 707 regum
1358 634 1642 711 potentiae
1667 652 1927 716 aequans,

184 724 383 780 tertius
405 722 535 777 dein
562 721 853 776 servator
837 722 1140 795 imperium
1169 723 1408 774 vestrum
1432 720 1617 775 adhuc
1644 723 1925 777 exsultans

185 827 250 865 ac
275 808 555 865 fervidum
582 808 784 862 videns
811 810 955 878 quasi
972 807 1197 861 frenum
1216 806 1399 860 iniecit
1426 805 1770 878 ephororum
1788 806 1922 875 vim,

184 891 367 971 prope
395 896 466 950 ad
504 896 826 967 potestatem
858 894 1005 946 sorte
1036 894 1240 948 lectam
1279 911 1402 946 eam
1443 891 1665 947 ducens,
1741 892 1925 948 ethan

184 981 414 1053 quidem
450 981 668 1034 ratione
705 997 943 1050 regnum
983 977 1131 1049 apud
1175 995 1274 1033 vos
1308 997 1339 1031 e
1377 977 1578 1049 quibus
1614 977 1915 1048 oportebat

187 1076 563 1139 temperatum
603 1065 947 1135 modumque
979 1072 1205 1116 nactum
1241 1072 1298 1116 et
1328 1063 1512 1136 ipsum
1540 1063 1819 1115 servatum
1849 1065 1923 1116 est

189 1162 246 1205 et
273 1152 498 1223 reliquis
522 1149 709 1204 salutis
746 1149 857 1203 fuit
889 1149 1078 1211 causa3
1117 1148 1366 1220 alioquin
1400 1167 1502 1222 per
1525 1149 1844 1203 Temenum
1866 1158 1924 1202 et

185 1237 597 1309 Cresphontem
633 1253 839 1307 eosque
875 1235 973 1308 qui
1018 1244 1155 1289 tunc
1193 1244 1356 1289 erant
1394 1234 1529 1307 legis
1558 1234 1788 1301 latoreS,
1848 1253 1924 1288 ne

184 1322 517 1379 Aristodemi
544 1321 769 1392 quidem
796 1340 926 1393 pars
951 1339 1223 1391 umquam
1249 1321 1462 1372 servari
1492 1319 1779 1392 potuisset3
1816 1339 1923 1374 ne-

184 1426 295 1478 que
318 1406 467 1459 enim
496 1407 625 1460 satis
648 1407 832 1476 legum
861 1405 1216 1460 ferendarum
1241 1404 1406 1477 periti
1435 1415 1631 1471 erant3
1668 1424 1801 1458 nam
1824 1404 1922 1459 ali-

178 1502 263 1545 ter
288 1491 410 1545 fere
434 1509 758 1562 ¹numquam
797 1494 1102 1563 speraffent
1135 1490 1257 1544 fore
1282 1499 1345 1543 ut
1367 1489 1727 1544 iureiurando
1753 1509 1920 1545 com-

111 1635 113 1638 .
177 1569 752 1652 pesce1·ent''a11i*mum
801 1576 1113 1632 iuvenilem
1162 1574 1468 1648 imperium
1509 1577 1915 1649 suscipientem,

179 1681 254 1716 ex
277 1680 391 1734 quo
414 1660 580 1716 facile
606 1662 863 1734 tyrannis
885 1673 1104 1735 poterat
1138 1664 1302 1718 nasci.
1376 1681 1528 1715 nunc
1566 1673 1754 1715 autem
1782 1661 1919 1715 deus

179 1747 412 1802 ostendit
437 1749 600 1817 quale
624 1747 880 1800 debuerit
901 1756 1067 1816 atque
1095 1747 1260 1800 etiam
1279 1747 1790 1831 debeatimperium
1809 1751 1916 1802 effe

182 1833 432 1886 maxime
459 1832 816 1888 duraturum.
856 1830 1004 1902 quod
1026 1831 1251 1900 quidem
1274 1851 1424 1887 nunc
1448 1854 1481 1888 a
1506 1832 1664 1887 nobis
1681 1833 1920 1904 cog'nos-

185 1918 265 1978 ci,
319 1927 383 1970 ut
420 1919 590 1990 supra
633 1917 778 1982 dixi,
814 1918 1115 1989 postquam
1162 1914 1375 1970 factum
1416 1920 1516 1984 est,
1567 1918 1710 1971 nihil
1747 1916 1920 1971 habet

182 2004 519 2075 sapientiae:
570 2021 704 2055 nam
737 2021 809 2055 ex
854 2002 1000 2054 facto
1039 2000 1352 2074 perspicere
1398 2001 1659 2073 exemplo
1693 2020 1808 2055 non
1847 2004 1921 2055 est

185 2088 424 2143 difficile.
499 2089 536 2140 fi
583 2105 723 2141 vero
763 2086 884 2158 quis
920 2095 1058 2139 tuuc·
1092 2086 1229 2139 haec
1266 2087 1596 2158 providisset
1636 2094 1694 2139 et
1727 2086 1919 2161 impe-

183 2175 271 2227 rio
294 2183 613 2246 temperare
636 2190 928 2243 unumque
949 2191 979 2224 e
999 2172 1178 2225 tribus
1206 2169 1392 2225 facere
1415 2171 1687 2244 potuisset,
1725 2173 1918 2227 omnia

182 2270 318 2314 tunc
341 2259 871 2356 praeclareinventa
893 2260 975 2310 set
980 2276 1015 2310 v
1001 2258 1149 2310 raffet
1163 2258 1664 2327 necumquamPel
1666 2260 1800 2312 ficus
1814 2277 1921 2312 ne-

181 2362 293 2416 que
313 2346 454 2398 alius
480 2345 602 2415 quis
625 2343 898 2397 exercitus
915 2342 1207 2397 Graeciam
1230 2341 1454 2397 adortus
1468 2346 1595 2402 estet
1611 2325 1915 2419 despiciens

179 2449 282 2485 nos
305 2440 594 2501 tamquam
624 2449 726 2502 pat
734 2448 783 2482 v1
808 2429 971 2502 pretii
998 2427 1270 2485 homines.

330 2558 416 2615 Cl.
454 2558 606 2614 Vera
630 2555 779 2611 dicis·

324 2684 463 2742 Ath.
512 2684 787 2756 Turpiter
820 2702 959 2739 vero
999 2684 1122 2739 illos
1154 2687 1576 2758 propulsarunt,
1626 2707 1660 2743 o
1698 2688 1913 2754 Clinia3

188 2779 353 2864 turpe
378 2780 564 2825 autem
593 2770 718 2823 dico
750 2789 863 2824 non
886 2772 994 2824 hoc
1021 2771 1371 2844 iutelligenS,
1401 2773 1656 2828 homines
1681 2773 1738 2827 id
1763 2782 1915 2826 tem-

191 2854 341 2926 potis
370 2872 483 2907 non
521 2856 828 2927 praeclaras
870 2867 1022 2912 terra
1047 2859 1308 2929 marique
1322 2858 1628 2934 pugnando
1657 2856 1918 2913 victorias

192 2942 506 3032 reportasse,
544 2939 633 2992 sed
661 2941 808 3011 quod
831 2942 951 2998 dico
975 2953 1065 2998 tul
1070 2963 1138 3018 pe
1161 2955 1295 2999 ωηο
1321 2944 1497 3013 fuisse,
1526 2945 1637 2998 hoc
1661 2942 1913 3010 intelligo

193 3021 460 3093 primum,
498 3018 669 3092 quod,
709 3045 884 3096 quum
911 3041 963 3083 ιι
967 3049 1023 3083 es
1048 3034 1216 3085 essent
1240 3029 1515 3098 civitates,
1553 3047 1667 3082 una
1690 3035 1915 3080 tantum
1951 3040 1965 3047 ‘

196 3106 487 3159 (nn-aeciam
514 3106 843 3178 defenderit,
882 3115 1024 3170 duae
1045 3135 1183 3170 vero
1215 3116 1292 3167 ita
1320 3115 1658 3187 depravatae
1682 3110 1913 3172 fuerint,

198 3200 253 3243 ut
282 3210 391 3245 una
421 3192 585 3246 etiam
615 3194 1081 3255 Lacedaemonem
1110 3198 1720 3272 impedit-&quominus
1749 3196 1920 3253 auxi-
