2132 3652
687 187 1245 277 pianensis.
1350 187 1353 193 “
1738 193 1840 249 285

115 340 364 407 (firmum
411 337 485 417 eJt
526 335 677 390 enim
713 343 769 388 et
805 331 1150 387 stabilitatem
1201 331 1483 405 quandam
1532 335 1840 407 torquendo

47 445 52 452 ·
109 412 357 497 adnavit,
407 419 547 474 illud
589 437 726 474 vero
758 419 986 474 mollius
1026 420 1098 472 est
1133 428 1190 471 et
1228 417 1514 471 lenitatem
1558 420 1843 488 quandam

111 509 304 565 iustum
345 506 558 573 habet),
597 506 665 559 fic
709 504 876 558 etiam
915 523 1008 557 eos
1056 503 1151 573 qui
1193 494 1493 576 poteitates·
1517 503 1846 557 inm-bibus

74 618 93 625 ·
112 593 310 666 gesturi
341 594 444 646 fint
469 590 710 644 discerni
732 598 953 662 oportet
983 586 1397 662 quodammodo
1422 589 1528 643 hac
1550 588 1768 642 ratione
1792 596 1850 642 et

113 676 326 749 eoa-qui
359 677 560 729 leviter
595 674 885 748 disciplina
926 676 1195 748 explorati
1236 676 1337 728 fint
1372 674 1507 737 rite3
1546 678 1672 730 sunt
1694 675 1846 730 enim

113 762 228 817 duo
264 761 502 816 civitatis
536 780 760 833 genera,
799 777 981 815 unum
1012 764 1335 834 potestatum
1362 761 1560 831 cuique
1584 757 1850 814 conveni-

5 861 11 867 ’
50 883 51 886 =
112 846 328 902 entium
353 847 694 913 constitutiO,
733 847 974 901 alterum
1005 848 1151 917 leges
1181 845 1537 919 potestatibus
1562 845 1742 901 datae.

256 1017 405 1073 Ante
428 1019 566 1072 haec
595 1038 733 1073 vero
758 1018 947 1072 omnia
987 1017 1343 1090 cogitandum
1374 1020 1449 1072 est
1482 1017 1606 1071 hoc.
1648 1033 1853 1088 quem-

116 1121 224 1174 que
257 1122 480 1174 gregem
529 1106 715 1176 pastor
752 1114 807 1156 et
844 1103 1115 1156 bubulcus
1153 1122 1541 1176 equorumque
1578 1103 1752 1167 altor,
1801 1110 1855 1153 et

114 1207 503 1259 quaecumque
527 1188 632 1241 alia
668 1188 913 1242 eiusdem
950 1188 1187 1258 generis,
1218 1189 1512 1261 suscipiens
1537 1185 1855 1257 numquam

117 1273 282 1327 aliter
305 1274 534 1346 incipiet
554 1293 858 1346 procurare
886 1274 988 1326 nifi
1010 1275 1087 1328 ita
1102 1284 1171 1326 'ut
1193 1274 1441 1346 primum
1464 1272 1881 1345 purgationem.

118 1358 323 1430 cuique
375 1358 741 1412 contubernio
786 1359 1210 1411 convenientem
1260 1358 1552 1421 adhibeat,
1609 1367 1664 1413 et
1707 1356 1852 1409 sanis

116 1443 188 1498 ab
217 1445 454 1514 aegrotis
484 1455 540 1497 et
568 1445 844 1513 generosis
880 1463 912 1496 a
954 1443 1152 1495 vilibus
1177 1444 1400 1499 secretis
1442 1444 1582 1498 haee
1620 1442 1854 1514 quidem

119 1528 385 1582 amandet
409 1530 475 1581 ad
504 1529 638 1582 alios
661 1547 799 1599 quos
826 1546 1034 1600 gregeS,
1058 1529 1152 1580 ina
1180 1548 1317 1583 vero
1343 1539 1627 1601 procuret.
1668 1530 1859 1598 secum
1916 1564 1918 1571 ι

120 1624 414 1688 reputans,
457 1633 663 1667 vanum
687 1614 811 1669 fore
838 1615 1087 1667 laborem
1121 1625 1288 1686 atque
1312 1615 1538 1669 irritum
1567 1615 1625 1667 in
1653 1632 1859 1685 corpus

123 1710 180 1753 et
197 1699 449 1753 animum
474 1700 839 1770 insumptum,
877 1719 1019 1769 quae
1052 1710 1254 1753 natura
1289 1719 1580 1772 pravaque
1601 1696 1859 1752 educatio

124 1803 302 1857 quum
340 1784 656 1856 corruperit
690 1794 979 1856 praeterea
1017 1785 1215 1855 perdat
1239 1787 1505 1840 sanorum
1531 1795 1586 1838 et
1608 1786 1864 1855 integro-

123 1888 257 1924 rum
288 1887 512 1922 morum
554 1886 969 1940 corporumque
1006 1887 1179 1940 genus
1215 1867 1274 1920 in
1306 1871 1528 1939 smgulis
1555 1868 1865 1941 mancipi58‚

126 1954 228 2008 nifi
268 1953 391 2026 quis
425 1952 743 2026 praesentia
785 1964 1110 2024 perpurget.
1154 1973 1219 2007 ac
1249 1955 1618 2024 reliquorum
1635 1954 1866 2026 quidem

123 2027 507 2091 ‘animantium
545 2037 731 2090 minor
764 2039 838 2091 est
874 2056 1008 2091 cura
1044 2047 1101 2090 et
1138 2040 1378 2112 exempli
1429 2050 1654 2094 tantum
1698 2038 1863 2092 causa.

127 2123 296 2195 digna
320 2141 490 2193 quam
517 2124 695 2177 oratio
718 2132 981 2195 apponat,
1007 2123 1306 2177 hominum
1335 2144 1475 2179 vero
1499 2144 1586 2178 res
1613 2122 1863 2176 maximo
1891 2160 1893 2163 ψ

128 2226 257 2262 cum
298 2207 475 2261 studio
525 2209 712 2279 legum
762 2210 908 2263 lator
949 2210 1319 2279 investigabit,
1364 2220 1432 2264 ut
1467 2210 1620 2281 quod
1659 2209 1864 2280 cuique

32 2310 35 2312 ’
129 2292 428 2347 conveniat
466 2294 771 2367 praecipiat
820 2295 968 2366 quod
1014 2297 1082 2348 ad
1119 2293 1512 2367 purgationem
1554 2313 1867 2367 omnesque

130 2377 376 2448 reliquas
402 2377 647 2431 actiones
673 2380 882 2435 attinet.
921 2382 1007 2433 vel
1037 2380 1195 2434 urbis
1235 2381 1492 2453 purgatio
1517 2383 1585 2435 fin
1613 2382 1667 2433 se
1687 2379 1868 2434 habe-
1934 2367 1940 2375 ¹

93 2495 98 2497 -
130 2461 229 2517 bit.
283 2463 497 2516 multae
549 2482 728 2534 quum
764 2467 981 2519 exstent
1022 2465 1380 2539 purgationes
1418 2468 1556 2520 aliae
1586 2466 1868 2522 faciliores

131 2548 277 2616 sunt,
301 2549 441 2602 aliae
466 2547 830 2613 difficiliore33
867 2570 930 2604 ac
953 2561 1230 2622 tyrannus
1254 2553 1349 2624 qui
1374 2554 1447 2605 est
1467 2553 1713 2626 itemque
1733 2551 1869 2624 legis

134 2631 293 2697 lator,
333 2649 718 2706 quaecumque
754 2635 1002 2690 difficiles
1042 2637 1166 2690 sunt
1202 2648 1374 2711 atque
1410 2638 1676 2711 optimae,
1713 2649 1871 2711 pote-

137 2713 216 2767 rit
253 2715 538 2784 adhibere,
574 2720 763 2792 legum
799 2731 988 2775 autem
1029 2723 1178 2776 lator
1210 2725 1316 2776 sive
1342 2723 1637 2795 tyrannide
1656 2743 1873 2777 novam

142 2797 425 2854 civitatem
453 2802 712 2877 legesque
750 2808 1082 2863 constituens
1110 2811 1146 2862 fi
1189 2806 1520 2864 leniffimam
1551 2809 1876 2863 adhibuerit

146 2883 554 2954 ΡΙΠἘΜῙΟΠΒΙΠ»
589 2893 877 2959 praeclare
903 2895 958 2947 se
980 2913 1066 2948 res
1089 2894 1308 2949 habeat.
1347 2897 1420 2948 est
1443 2904 1642 2949 autem
1659 2893 1877 2966 optima

147 2967 380 3037 acerba,
430 2972 901 3041 quemadmodum
943 2980 1354 3037 medicamenta
1384 2978 1579 3036 omnia
1620 2975 1874 3033 eiusdem
