2124 3672
806 173 1185 230 LEGES
1260 177 1301 229 Ι.
1852 176 1922 250 59

198 334 331 372 vero
368 313 679 370 remittitur
712 315 853 371 haec
893 325 1062 388 atque
1097 316 1417 389 negligitur,
1454 317 1730 372 stolidiora
1757 323 1921 388 sunt;

187 401 445 470 protinus
470 402 622 456 enim
649 402 929 477 quispiam
954 411 1007 456 te
1030 402 1397 477 prehenderit
1417 406 1603 458 nostra
1613 402 1920 458 defendens

189 496 247 542 et
273 486 500 548 obiiciat
525 487 625 541 tibi
649 488 955 543 mulierum
978 488 1131 561 apud
1158 507 1257 542 vos
1279 487 1584 544 licentiam.
1658 486 1920 544 omnibus

186 571 359 644 igitur
380 568 484 634 his,
518 591 666 645 quae
689 573 837 646 apud
864 574 1196 629 Tarentinos
1221 585 1276 628 et
1297 595 1396 629 nos
1419 584 1478 629 et
1493 595 1593 631 vos
1617 572 1921 649 reperiun-

187 667 299 724 tur,
335 677 452 711 una
481 657 706 712 videtur
730 661 1004 732 responsio
1034 662 1307 715 auxilium
1334 661 1488 714 ferre
1517 678 1589 713 ne
1615 678 1796 734 prave
1815 657 1920 710 'sed

185 756 339 798 recte
360 746 414 798 se
438 742 711 805 habeant3
743 745 976 817 quisque
1000 748 1151 802 enim
1176 746 1380 819 hospiti
1403 744 1707 801 admiranti
1725 738 1920 796 insoli-

184 839 244 885 ta
269 849 412 902 quae
448 829 648 884 viderit
678 832 1020 904 respondens
1053 832 1201 886 dicet
1226 833 1312 886 Ne
1335 832 1586 898 mirei-isi,
1625 851 1659 884 o
1687 830 1917 900 hospes;

181 918 275 972 lex
303 918 377 970 est
402 915 561 970 nobis
589 916 747 977 haec,
787 915 1008 971 sortass'e
1034 917 1192 971 vobis
1214 917 1286 970 de
1307 916 1396 970 his
1423 916 1545 988 ipsis
1573 915 1694 970 alia.
1729 965 1731 967 .
1755 911 1919 967 nobis

181 1019 318 1056 vero
341 1020 524 1068 nunc,
561 1021 595 1055 o
623 1002 740 1055 cari
767 1002 888 1065 viri,
927 1020 1039 1054 non
1065 1001 1134 1054 de
1158 1001 1358 1055 ceteris
1380 999 1710 1054 hominibus
1732 1000 1916 1052 sermo

183 1088 275 1155 est,
311 1088 407 1141 sed
432 1087 499 1140 de
523 1087 656 1157 legis
677 1088 922 1140 latorum
944 1085 1222 1157 pravitate
1249 1096 1307 1139 et
1324 1086 1548 1142 virtute.
1598 1085 1785 1140 adhuc
1804 1083 1917 1155 igi-

183 1182 279 1226 tur
292 1172 459 1244 plura
475 1170 727 1225 dicamus
742 1172 812 1224 de
832 1169 1098 1223 ebrietate
1112 1171 1170 1224 in
1189 1172 1510 1226 universum
1525 1191 1544 1240 3
1565 1167 1915 1244 nequeenim

179 1258 304 1311 leve
336 1258 411 1309 est
440 1255 751 1310 institutum
783 1274 970 1327 neque
1004 1256 1128 1311 vilis
1161 1256 1298 1330 legis
1328 1257 1526 1313 latoris
1556 1257 1668 1313 hoc
1700 1256 1917 1312 discer-

178 1361 332 1397 nere.
371 1341 498 1396 dico
525 1361 660 1396 vero
684 1362 802 1397 non
827 1342 1095 1396 vinumne
1118 1344 1351 1400 omnino
1373 1344 1682 1399 bibendum
1706 1345 1914 1397 fitnec-

177 1448 267 1495 ne,
308 1429 396 1482 sed
420 1421 634 1502 de'ipsa
666 1427 948 1492 ebrietate,
988 1438 1183 1484 utrum
1217 1450 1299 1497 ea,
1338 1451 1448 1504 qua
1472 1431 1718 1504 Scythae
1740 1437 1914 1483 utan-

178 1527 288 1584 tur,
310 1524 365 1569 et
378 1515 598 1575 Persae,
625 1513 970 1568 admittenda
986 1516 1068 1582 fit,
1087 1524 1143 1569 et
1165 1527 1459 1590 praeterea
1480 1515 1913 1588 Carthaginien-

177 1604 260 1655 ses
289 1609 347 1654 et
376 1600 565 1653 Celtae
594 1607 652 1652 et
678 1599 865 1654 Iberes
889 1610 945 1653 et
974 1600 1219 1655 Thraces
1229 1641 1247 1670 ,
1283 1621 1428 1674 quae
1456 1622 1654 1656 omnes
1681 1602 1911 1656 bellico-

175 1690 265 1742 sae
289 1688 418 1752 sunt
439 1694 648 1758 genteS,
676 1703 751 1738 an
777 1684 857 1739 ita
878 1686 1246 1753 statuendum,
1272 1688 1749 1760 quemadmodum
1777 1707 1875 1741 vos
1890 1710 1911 1754 ,-

175 1783 275 1825 vo's
303 1771 474 1834 enim,
512 1779 576 1823 ut
601 1768 804 1835 dixisti,
843 1771 1076 1826 omnino
1099 1773 1404 1840 abstinetiS,
1442 1774 1682 1847 Scythae
1707 1792 1843 1829 vero
1856 1782 1912 1826 et

175 1858 426 1912 Thraces
467 1873 625 1909 mero
658 1856 886 1926 prorsus
925 1868 1173 1921 utentes,
1212 1860 1386 1933 etipfi
1413 1870 1469 1913 et
1490 1861 1755 1914 mulieres
1767 1900 1782 1924 ‚
1819 1859 1910 1913 vi-

178 1958 430 2011 numque
453 1939 511 1992 in
541 1942 714 1993 vestes
744 1941 1095 1996 effundentes
1117 1945 1474 2015 praeclarum
1499 1954 1557 1998 et
1578 1944 1715 2014 felix
1743 1947 1799 1997 se
1822 1944 1905 1998 vi-

176 2037 264 2080 tae
288 2025 600 2080 institutum
630 2023 788 2094 sequi
824 2027 1189 2081 arbitrantur.
1264 2030 1462 2083 Persae
1485 2038 1675 2083 autem
1705 2030 1909 2083 admo-

175 2113 312 2165 dum
350 2119 590 2163 utuntur
625 2109 822 2163 ceteris
860 2130 1080 2184 quoque
1101 2110 1326 2180 deliciis,
1363 2132 1505 2186 quae
1532 2132 1629 2168 vos
1652 2113 1903 2176 reiicitis,

172 2196 263 2250 sed
290 2194 634 2252 moderatius
654 2195 780 2251 illis.

312 2323 426 2380 „Ma
466 2323 517 2377 O
548 2322 642 2377 vir
667 2322 898 2396 optime,
937 2324 1329 2396 persequimur
1352 2334 1543 2380 tamen
1572 2343 1675 2379 nos
1704 2343 1903 2380 omnes

169 2412 272 2467 hos
300 2409 596 2482 fugientes,
632 2427 809 2481 quum
846 2429 1002 2464 arma
1028 2410 1085 2463 in
1112 2430 1313 2465 manus
1338 2413 1684 2487 sumpfimuS.

311 2536 448 2594 Ath.
515 2539 564 2589 O
612 2536 1095 2609 praestantissime,
1147 2558 1219 2592 ne
1263 2538 1340 2593 ita
1373 2539 1634 2610 loquere3
1685 2540 1900 2594 multae

169 2624 321 2680 enim
346 2622 511 2694 fugae
527 2633 584 2676 et
600 2622 988 2677 insectationes
1003 2624 1249 2679 incertae
1271 2624 1505 2679 fuerunt
1518 2635 1682 2697 atque
1704 2625 1763 2679 in
1788 2643 1899 2696 po-

170 2713 376 2764 sserum
401 2717 585 2773 erunt,
612 2709 868 2779 quocirca
891 2708 1038 2762 haud
1063 2709 1414 2766 manifestum
1450 2711 1559 2765 hoc
1589 2730 1897 2782 argumen-

171 2806 292 2849 tum
315 2793 594 2868 ponimuS,
631 2793 718 2847 sed
745 2794 980 2848 dubium
1004 2804 1058 2848 et
1079 2797 1499 2851 controversum
1526 2797 1892 2870 pulchrorum

174 2882 270 2932 aut
292 2898 597 2951 pravorum
624 2881 1026 2948 institutorum,
1051 2881 1348 2936 victoriam
1378 2892 1434 2935 et
1457 2883 1670 2937 cladem
1700 2884 1756 2936 in
1793 2900 1893 2953 pu·

174 2980 283 3032 gna
304 2965 580 3018 sumentes
601 2986 617 3030 3
650 2965 914 3036 liquidem
942 2968 1182 3022 maiores
1206 2967 1466 3021 civitates
1490 2967 1733 3034 minores
1760 2966 1895 3019 vin-

175 3056 308 3099 cunt
331 3048 627 3142 pugnando
657 3060 709 3103 et
739 3053 1008 3106 servitute
1033 3053 1379 3126 opprimunt,
1418 3051 1752 3125 Syracusani
1775 3050 1893 3104 Lo-

177 3151 311 3198 erm,
351 3150 448 3203 qui
466 3135 692 3203 quidem
723 3137 987 3192 videntur
1013 3139 1245 3211 optimas
1270 3139 1416 3210 leges
1442 3158 1508 3191 ex
1533 3135 1794 3191 omnibus
1818 3136 1891 3191 il-

174 3219 281 3270 lam
315 3216 595 3288 regionem
626 3219 989 3276 incolentibus
1025 3224 1297 3291 habuisse,
1338 3233 1394 3276 et
1417 3225 1556 3278 Ceos
1581 3221 1889 3279 Athenien-

174 3303 281 3362 scs;
321 3312 373 3354 et
406 3302 697 3357 innumera
730 3306 836 3358 alia
865 3307 1108 3363 eiusdem
1131 3308 1347 3378 generis
1374 3307 1772 3364 invenerimus,
1833 3313 1883 3356 al
