2176 3672
755 169 1157 240 LEGES
1229 182 1296 236 11.
1802 184 1894 241 ἰιι

133 325 163 362 .·“
180 348 270 388 m
298 338 357 384 οἳ
383 327 595 384 formas
623 309 891 401 ‘accepisse
919 324 989 377 ab
1015 322 1166 383 arte‘,
1205 341 1397 379 nonne
1419 324 1529 378 iam
1558 326 1668 380 hoc
1698 346 1907 399 cogno-

179 419 422 489 scientem
438 415 661 467 ‘neceffe
685 410 853 465 etia-m
887 410 1024 464 iliud
1061 419 1325 484 prompte
1361 413 1722 482 cognoscere,
1776 416 1907 484 pul-

177 501 456 557 divumne
475 501 536 553 fit
571 517 644 552 an
669 497 854 569 aliqua
881 495 1100 549 ratione
1126 494 1368 550 discedat
1394 513 1428 548 a
1451 497 1910 569 pulchritudine?

203 682 210 694 ι
322 624 405 683 Cl
461 626 671 681 Omnes
710 625 836 679 sane
874 622 1305 696 propemodum,
1341 622 1556 698 hospes,
1589 624 1912 699 pulchritu-

169 691 375 790 „dinem
401 711 724 766 simulacroi
728 729 824 764 um
843 709 1316 782 cognosceremus.

267 837 456 896 Ath.
492 837 805 894 Rectissime
845 835 997 890 dicis.
1045 854 1238 890 nonne
1275 836 1449 907 igitur
1470 834 1743 910 cuiusque
1764 835 1917 890 ima-

183 925 327 999 ginis
348 925 440 979 vel
463 924 645 998 pictae
659 923 747 976 vel
773 924 973 976 musica
994 922 1082 975 vel
1107 929 1464 991 quacumque
1479 921 1699 973 ratione
1723 921 1920 975 adum·

185 1011 383 1064 brutae
419 1009 514 1081 qui
542 1009 725 1063 iudex
755 1011 829 1063 est
853 1008 1083 1063 futurus
1107 1005 1422 1077 intelligens
1449 1004 1557 1059 tria
1582 1004 1722 1059 haec
1743 1025 1919 1079 opor-

187 1105 268 1150 tet
287 1095 525 1161 ·,habere
562 1094 814 1169 piimum
838 1092 1187 1162 cognoscere,
1225 1091 1363 1161 quid
1388 1093 1466 1157 fit,
1505 1092 1710 1145 deinde
1745 1108 1919 1164 quam

188 1179 355 1247 reete,
400 1180 563 1233 tertio
596 1196 766 1250 quam
797 1178 937 1230 bene
966 1180 1212 1248 expressa
1235 1178 1298 1231 fit
1329 1176 1639 1248 imaginum
1667 1191 1922 1279 quaeque

191 1266 374 1320 verbis
398 1275 451 1320 et
473 1262 657 1318 modis
687 1273 743 1318 et
767 1280 971 1317 nume1
974 1281 1015 1316 ιε
1027 1263 1055 1316 ἰ
1126 1282 1138 1301 τ

203 1378 205 1380 ’
240 1464 242 1467 ,
326 1390 417 1448 Cl
454 1390 694 1448 Videtur
721 1392 868 1446 sane.
1198 1411 1212 1470 ι)

324 1520 472 1580 Atlv.
533 1518 618 1574 Ne
658 1517 830 1588 igitur
869 1516 1203 1573 deficiamus
1227 1518 1480 1574 dicentes
1520 1521 1722 1574 musica
1753 1531 1927 1594 quam

194 1604 424 1661 difficilis
458 1605 539 1658 fit.
609 1605 879 1675 quoniam
912 1605 1062 1658 enim
1090 1605 1273 1660 celeb1
1276 1615 1401 1660 atur
1429 1607 1546 1659 eius
1570 1606 1927 1662 adumbratio

196 1706 331 1765 prae
368 1690 561 1745 ceteris
595 1688 960 1761 imaginibus,
1012 1690 1319 1748 maximam
1362 1691 1633 1744 desiderat
1673 1694 1927 1747 omnium

196 1776 506 1847 imaginum
542 1775 891 1842 cautionem3
930 1792 1062 1827 nam
1097 1775 1191 1845 qui
1230 1775 1290 1828 in
1325 1794 1390 1829 ea
1424 1777 1714 1830 aberratis
1743 1772 1931 1833 maxi-

200 1882 361 1918 mum
384 1860 518 1915 facit
538 1858 840 1920 damnum,
879 1878 1064 1912 mores
1088 1879 1296 1932 pravos
1325 1863 1691 1932 amplectens,
1728 1872 1793 1915 et
1813 1864 1931 1918 dif-

200 1947 512 2002 ficillimum
538 1944 594 1997 id
620 1946 692 1997 est
707 1944 933 2015 cognitu
955 1945 1086 2015 quia
1110 1946 1311 2017 poetae
1338 1946 1565 2001 viliores
1580 1947 1707 2000 sunt
1730 1949 1933 2019 poetae

202 2034 326 2106 ipsis
354 2033 545 2095 Mufis;
583 2046 764 2099 neque
791 2030 940 2083 enim
968 2030 1074 2082 hae
1100 2040 1398 2103 tantopeie
1425 2049 1696 2102 umquam
1710 2031 1935 2087 aberra-

204 2118 397 2172 verint
424 2125 488 2169 ut
513 2114 659 2167 viros
694 2114 858 2185 loqui
869 2115 1132 2168 facientes
1158 2116 1360 2170 mullei
1365 2134 1459 2167 um
1489 2117 1699 2187 gestum
1724 2126 1779 2169 et
1805 2138 1936 2173 mo..

205 2204 345 2259 dum
373 2201 448 2257 eis
468 2199 748 2264 tribuant,
789 2210 846 2254 et
866 2201 1100 2254 modum
1129 2201 1436 2255 liberorum
1461 2196 1750 2272 gestusque
1776 2220 1937 2259 com-

206 2297 480 2362 ponentes
513 2302 779 2339 numeros
819 2287 1111 2339 servoxum
1135 2296 1192 2340 et
1222 2286 1585 2340 illiberalium
1617 2285 1935 2357 adhibeant,

155 2381 396 2445 lneque
429 2372 599 2425 etiam
637 2379 702 2424 ut
727 2389 994 2425 numeros
1022 2380 1077 2424 et
1095 2373 1306 2443 gestum
1325 2371 1613 2427 liberalem
1637 2373 1938 2430 subiiciem

208 2467 293 2518 ten
310 2457 545 2512 modum
561 2456 654 2509 vel
668 2456 981 2511 orationem
1005 2455 1218 2528 fingant
1234 2475 1604 2512 numerorum
1624 2463 1936 2538 contraria5

213 2553 503 2617 praeterea
537 2541 832 2596 bestiarum
868 2561 1037 2602 voces
1063 2553 1119 2596 et
1136 2542 1435 2598 hominum
1462 2552 1516 2624 et
1539 2543 1942 2602 instrumento-

214 2646 344 2681 rum
377 2646 684 2699 omnesque
718 2626 974 2701 strepitus
1011 2647 1324 2699 numquam
1361 2647 1475 2683 una
1502 2624 1940 2703 composuerint,

217 2721 508 2784 tamquam
544 2732 723 2767 unum
764 2714 897 2785 quid
934 2713 1231 2768 imitantes.
1305 2712 1504 2787 poetae
1531 2734 1672 2769 vero
1703 2715 1943 2773 humani

221 2797 385 2851 valde
413 2797 729 2857 huiusmodi
754 2799 1208 2872 resimplicantes
1234 2809 1291 2853 et
1316 2798 1717 2855 confundentes
1731 2810 1944 2856 temere

227 2879 399 2934 risum
439 2882 792 2939 concitabunt
827 2884 1126 2946 hominum
1164 2903 1543 2957 quoscumque
1581 2886 1656 2940 ait
1682 2880 1945 2961 Orpheus

234 2974 419 3018 nactos
447 2970 548 3019 effe
579 2965 956 3023 delectationis
981 2969 1214 3037 florem;
1252 2970 1391 3033 haee,
1421 2971 1573 3025 enim
1599 2970 1795 3023 vident
1819 2992 1948 3025 om-

234 3047 328 3101 nia
369 3048 625 3117 confusa,
673 3062 730 3106 et
763 3055 944 3108 adhuc
973 3055 1292 3111 distrahunt
1323 3056 1521 3128 poetae
1555 3074 1862 3111 numerum
1891 3069 1949 3113 et

234 3134 404 3204 gestus
441 3153 475 3187 a
508 3135 704 3200 modo,
743 3139 1018 3193 orationes
1061 3143 1238 3196 nudas
1272 3141 1330 3194 in
1370 3143 1559 3195 versus
1585 3142 1945 3212 includentes,
