<?xml version="1.0" encoding="UTF-8"?>
<!DOCTYPE html PUBLIC "-//W3C//DTD XHTML 1.0 Transitional//EN"
    "http://www.w3.org/TR/xhtml1/DTD/xhtml1-transitional.dtd">
<html xmlns="http://www.w3.org/1999/xhtml" xml:lang="en" lang="en">
 <head>
  <title>
</title>
<meta http-equiv="Content-Type" content="text/html;charset=utf-8" />
  <meta name='ocr-system' content='tesseract 3.04.00' />
  <meta name='ocr-capabilities' content='ocr_page ocr_carea ocr_par ocr_line ocrx_word'/>
</head>
<body>
  <div class='ocr_page' id='page_1' title='image "./quaeexstantopera06plat_0197.png"; bbox 0 0 2132 3652; ppageno 0'>
   <div class='ocr_carea' id='block_1_1' title="bbox 709 136 1905 254">
    <p class='ocr_par' dir='ltr' id='par_1_1' title="bbox 709 136 1905 254">
     <span class='ocr_line' id='line_1_1' title="bbox 709 136 1905 254; baseline 0 -20"><span class='ocrx_word' id='word_1_1' title='bbox 709 163 1132 247; x_wconf 62' lang='lat' dir='ltr'>&gt;Limus</span> <span class='ocrx_word' id='word_1_2' title='bbox 1206 173 1300 229; x_wconf 88' lang='lat'><em>111.</em></span> <span class='ocrx_word' id='word_1_3' title='bbox 1776 136 1905 254; x_wconf 49' lang='lat'>&#39;189&#39;</span> 
     </span>
    </p>
   </div>
   <div class='ocr_carea' id='block_1_2' title="bbox 172 315 1898 494">
    <p class='ocr_par' dir='ltr' id='par_1_2' title="bbox 172 315 1898 494">
     <span class='ocr_line' id='line_1_2' title="bbox 280 315 1898 393; baseline -0.003 -12"><span class='ocrx_word' id='word_1_4' title='bbox 280 379 282 381; x_wconf 74' lang='grc'>,</span> <span class='ocrx_word' id='word_1_5' title='bbox 314 321 400 382; x_wconf 79' lang='lat' dir='ltr'>CI.</span> <span class='ocrx_word' id='word_1_6' title='bbox 436 320 613 378; x_wconf 85' lang='lat' dir='ltr'><strong>Ducit</strong></span> <span class='ocrx_word' id='word_1_7' title='bbox 636 326 799 376; x_wconf 81' lang='lat' dir='ltr'>verte</span> <span class='ocrx_word' id='word_1_8' title='bbox 824 318 931 375; x_wconf 83' lang='lat' dir='ltr'>hoc</span> <span class='ocrx_word' id='word_1_9' title='bbox 953 315 1329 392; x_wconf 79' lang='lat' dir='ltr'>quaestionem</span> <span class='ocrx_word' id='word_1_10' title='bbox 1356 317 1595 371; x_wconf 83' lang='lat' dir='ltr'>nostram</span> <span class='ocrx_word' id='word_1_11' title='bbox 1621 319 1688 371; x_wconf 88' lang='lat' dir='ltr'>ad</span> <span class='ocrx_word' id='word_1_12' title='bbox 1708 319 1760 374; x_wconf 86' lang='lat' dir='ltr'>id</span> <span class='ocrx_word' id='word_1_13' title='bbox 1787 339 1898 393; x_wconf 89' lang='lat' dir='ltr'>quo</span> 
     </span>
     <span class='ocr_line' id='line_1_3' title="bbox 172 405 1606 494; baseline -0.011 -30"><span class='ocrx_word' id='word_1_14' title='bbox 172 405 573 494; x_wconf 58' lang='lat' dir='ltr'>contendimus.</span> <span class='ocrx_word' id='word_1_15' title='bbox 1604 425 1606 428; x_wconf 58' lang='lat'>&lt;</span> 
     </span>
    </p>
   </div>
   <div class='ocr_carea' id='block_1_3' title="bbox 168 543 1913 877">
    <p class='ocr_par' dir='ltr' id='par_1_3' title="bbox 168 543 1913 877">
     <span class='ocr_line' id='line_1_4' title="bbox 313 543 1898 623; baseline -0.004 -17"><span class='ocrx_word' id='word_1_16' title='bbox 313 547 455 606; x_wconf 78' lang='lat' dir='ltr'>Ath.</span> <span class='ocrx_word' id='word_1_17' title='bbox 494 549 759 623; x_wconf 84' lang='lat' dir='ltr'>Suspicor</span> <span class='ocrx_word' id='word_1_18' title='bbox 778 547 950 619; x_wconf 89' lang='lat' dir='ltr'>igitur</span> <span class='ocrx_word' id='word_1_19' title='bbox 975 544 1196 620; x_wconf 86' lang='lat' dir='ltr'>Cyrum</span> <span class='ocrx_word' id='word_1_20' title='bbox 1222 554 1405 601; x_wconf 88' lang='lat' dir='ltr'>cetera</span> <span class='ocrx_word' id='word_1_21' title='bbox 1423 543 1651 620; x_wconf 89' lang='lat' dir='ltr'>quidem</span> <span class='ocrx_word' id='word_1_22' title='bbox 1680 543 1898 600; x_wconf 91' lang='lat' dir='ltr'>bonum</span> 
     </span>
     <span class='ocr_line' id='line_1_5' title="bbox 169 628 1900 704; baseline -0.005 -11"><span class='ocrx_word' id='word_1_23' title='bbox 169 635 332 692; x_wconf 79' lang='lat' dir='ltr'>fuiffe</span> <span class='ocrx_word' id='word_1_24' title='bbox 352 634 551 689; x_wconf 89' lang='lat' dir='ltr'>ducem</span> <span class='ocrx_word' id='word_1_25' title='bbox 581 645 634 688; x_wconf 87' lang='lat' dir='ltr'>et</span> <span class='ocrx_word' id='word_1_26' title='bbox 658 633 893 689; x_wconf 82' lang='lat' dir='ltr'>civitatis</span> <span class='ocrx_word' id='word_1_27' title='bbox 919 642 1219 699; x_wconf 87' lang='lat' dir='ltr'>amantem,</span> <span class='ocrx_word' id='word_1_28' title='bbox 1256 639 1464 684; x_wconf 83' lang='lat' dir='ltr'>rectam</span> <span class='ocrx_word' id='word_1_29' title='bbox 1487 647 1628 684; x_wconf 86' lang='lat' dir='ltr'>vero</span> <span class='ocrx_word' id='word_1_30' title='bbox 1653 628 1900 704; x_wconf 82' lang='lat' dir='ltr'>discipli-</span> 
     </span>
     <span class='ocr_line' id='line_1_6' title="bbox 168 713 1900 791; baseline -0.003 -15"><span class='ocrx_word' id='word_1_31' title='bbox 168 740 302 776; x_wconf 80' lang='lat' dir='ltr'>nam</span> <span class='ocrx_word' id='word_1_32' title='bbox 324 720 549 775; x_wconf 91' lang='lat' dir='ltr'>omnino</span> <span class='ocrx_word' id='word_1_33' title='bbox 578 739 695 774; x_wconf 92' lang='lat' dir='ltr'>non</span> <span class='ocrx_word' id='word_1_34' title='bbox 722 718 950 791; x_wconf 77' lang='lat' dir='ltr'>attigiffe</span> <span class='ocrx_word' id='word_1_35' title='bbox 972 727 1028 771; x_wconf 87' lang='lat' dir='ltr'>et</span> <span class='ocrx_word' id='word_1_36' title='bbox 1051 717 1120 770; x_wconf 91' lang='lat' dir='ltr'>ad</span> <span class='ocrx_word' id='word_1_37' title='bbox 1141 734 1335 769; x_wconf 87' lang='lat' dir='ltr'>rerum</span> <span class='ocrx_word' id='word_1_38' title='bbox 1357 713 1783 771; x_wconf 81' lang='lat' dir='ltr'>domesticarum</span> <span class='ocrx_word' id='word_1_39' title='bbox 1806 734 1900 771; x_wconf 85' lang='lat' dir='ltr'>cu·</span> 
     </span>
     <span class='ocr_line' id='line_1_7' title="bbox 168 800 1913 877; baseline -0.007 -16"><span class='ocrx_word' id='word_1_40' title='bbox 168 824 293 863; x_wconf 82' lang='lat' dir='ltr'>ram</span> <span class='ocrx_word' id='word_1_41' title='bbox 315 826 389 862; x_wconf 85' lang='lat' dir='ltr'>ne</span> <span class='ocrx_word' id='word_1_42' title='bbox 415 806 669 861; x_wconf 90' lang='lat' dir='ltr'>animum</span> <span class='ocrx_word' id='word_1_43' title='bbox 693 804 922 877; x_wconf 85' lang='lat' dir='ltr'>quidem</span> <span class='ocrx_word' id='word_1_44' title='bbox 948 802 1250 856; x_wconf 80' lang='lat' dir='ltr'>attendiffe.</span> <span class='ocrx_word' id='word_1_45' title='bbox 1909 800 1913 804; x_wconf 87' lang='grc'><strong><em>’</em></strong></span> 
     </span>
    </p>
   </div>
   <div class='ocr_carea' id='block_1_4' title="bbox 313 944 1426 1023">
    <p class='ocr_par' dir='ltr' id='par_1_4' title="bbox 313 944 1426 1023">
     <span class='ocr_line' id='line_1_8' title="bbox 313 944 1426 1023; baseline -0.005 -18"><span class='ocrx_word' id='word_1_46' title='bbox 313 948 398 1005; x_wconf 84' lang='lat' dir='ltr'>CI.</span> <span class='ocrx_word' id='word_1_47' title='bbox 437 948 740 1023; x_wconf 86' lang='lat' dir='ltr'>Quomodo</span> <span class='ocrx_word' id='word_1_48' title='bbox 762 947 872 1001; x_wconf 90' lang='lat' dir='ltr'>hoc</span> <span class='ocrx_word' id='word_1_49' title='bbox 894 945 1078 1002; x_wconf 85' lang='lat' dir='ltr'>dicere</span> <span class='ocrx_word' id='word_1_50' title='bbox 1099 944 1426 1019; x_wconf 79' lang='lat' dir='ltr'>poffumus?</span> 
     </span>
    </p>
   </div>
   <div class='ocr_carea' id='block_1_5' title="bbox 161 1087 1899 1669">
    <p class='ocr_par' dir='ltr' id='par_1_5' title="bbox 161 1087 1899 1669">
     <span class='ocr_line' id='line_1_9' title="bbox 306 1087 1895 1163; baseline -0.001 -15"><span class='ocrx_word' id='word_1_51' title='bbox 306 1090 447 1148; x_wconf 75' lang='lat' dir='ltr'>Ath.</span> <span class='ocrx_word' id='word_1_52' title='bbox 493 1092 732 1149; x_wconf 90' lang='lat' dir='ltr'>Videtur</span> <span class='ocrx_word' id='word_1_53' title='bbox 766 1111 800 1146; x_wconf 89' lang='lat' dir='ltr'>a</span> <span class='ocrx_word' id='word_1_54' title='bbox 833 1108 1015 1163; x_wconf 91' lang='lat' dir='ltr'>puero</span> <span class='ocrx_word' id='word_1_55' title='bbox 1051 1087 1304 1143; x_wconf 83' lang='lat' dir='ltr'>militaffe</span> <span class='ocrx_word' id='word_1_56' title='bbox 1345 1096 1521 1142; x_wconf 84' lang='lat' dir='ltr'>totam</span> <span class='ocrx_word' id='word_1_57' title='bbox 1562 1107 1667 1163; x_wconf 88' lang='lat' dir='ltr'>per</span> <span class='ocrx_word' id='word_1_58' title='bbox 1693 1090 1895 1159; x_wconf 84' lang='lat' dir='ltr'>vitam,</span> 
     </span>
     <span class='ocr_line' id='line_1_10' title="bbox 171 1173 1899 1243; baseline 0 -11"><span class='ocrx_word' id='word_1_59' title='bbox 171 1177 497 1233; x_wconf 88' lang='lat' dir='ltr'>mulieribus</span> <span class='ocrx_word' id='word_1_60' title='bbox 514 1175 861 1230; x_wconf 87' lang='lat' dir='ltr'>committens</span> <span class='ocrx_word' id='word_1_61' title='bbox 872 1175 950 1228; x_wconf 93' lang='lat' dir='ltr'>lib</span> <span class='ocrx_word' id='word_1_62' title='bbox 957 1192 1122 1227; x_wconf 91' lang='lat' dir='ltr'>eroru</span> <span class='ocrx_word' id='word_1_63' title='bbox 1132 1193 1184 1227; x_wconf 89' lang='lat' dir='ltr'>m</span> <span class='ocrx_word' id='word_1_64' title='bbox 1202 1173 1586 1230; x_wconf 80' lang='lat' dir='ltr'>educationem</span> <span class='ocrx_word' id='word_1_65' title='bbox 1598 1194 1618 1243; x_wconf 85' lang='lat'>3</span> <span class='ocrx_word' id='word_1_66' title='bbox 1643 1177 1752 1231; x_wconf 87' lang='lat' dir='ltr'>hae</span> <span class='ocrx_word' id='word_1_67' title='bbox 1763 1197 1899 1232; x_wconf 91' lang='lat' dir='ltr'>vero</span> 
     </span>
     <span class='ocr_line' id='line_1_11' title="bbox 168 1259 1899 1336; baseline 0.002 -21"><span class='ocrx_word' id='word_1_68' title='bbox 168 1272 456 1333; x_wconf 86' lang='lat' dir='ltr'>tamquam</span> <span class='ocrx_word' id='word_1_69' title='bbox 490 1261 675 1314; x_wconf 88' lang='lat' dir='ltr'>felices</span> <span class='ocrx_word' id='word_1_70' title='bbox 700 1279 789 1312; x_wconf 91' lang='lat' dir='ltr'>eos</span> <span class='ocrx_word' id='word_1_71' title='bbox 810 1280 843 1314; x_wconf 88' lang='lat' dir='ltr'>a</span> <span class='ocrx_word' id='word_1_72' title='bbox 867 1261 1055 1333; x_wconf 79' lang='lat' dir='ltr'>pueris</span> <span class='ocrx_word' id='word_1_73' title='bbox 1077 1259 1254 1313; x_wconf 88' lang='lat' dir='ltr'>statim</span> <span class='ocrx_word' id='word_1_74' title='bbox 1283 1269 1337 1313; x_wconf 88' lang='lat' dir='ltr'>et</span> <span class='ocrx_word' id='word_1_75' title='bbox 1366 1259 1556 1314; x_wconf 86' lang='lat' dir='ltr'>beatos</span> <span class='ocrx_word' id='word_1_76' title='bbox 1577 1263 1899 1336; x_wconf 85' lang='lat' dir='ltr'><strong>nulliusque</strong></span> 
     </span>
     <span class='ocr_line' id='line_1_12' title="bbox 164 1344 1897 1418; baseline 0.001 -16"><span class='ocrx_word' id='word_1_77' title='bbox 164 1348 491 1403; x_wconf 89' lang='lat' dir='ltr'>huiusmodi</span> <span class='ocrx_word' id='word_1_78' title='bbox 527 1346 610 1401; x_wconf 87' lang='lat' dir='ltr'>rei</span> <span class='ocrx_word' id='word_1_79' title='bbox 635 1346 948 1417; x_wconf 84' lang='lat' dir='ltr'>indigentes</span> <span class='ocrx_word' id='word_1_80' title='bbox 981 1344 1320 1409; x_wconf 13' lang='lat' dir='ltr'>educabtant3</span> <span class='ocrx_word' id='word_1_81' title='bbox 1357 1346 1720 1418; x_wconf 84' lang='lat' dir='ltr'>prohibentes</span> <span class='ocrx_word' id='word_1_82' title='bbox 1745 1368 1897 1417; x_wconf 80' lang='lat' dir='ltr'>vern,</span> 
     </span>
     <span class='ocr_line' id='line_1_13' title="bbox 165 1427 1897 1506; baseline 0.001 -19"><span class='ocrx_word' id='word_1_83' title='bbox 165 1434 465 1506; x_wconf 86' lang='lat' dir='ltr'>quominus</span> <span class='ocrx_word' id='word_1_84' title='bbox 506 1431 800 1504; x_wconf 84' lang='lat' dir='ltr'>quisquam</span> <span class='ocrx_word' id='word_1_85' title='bbox 831 1427 912 1483; x_wconf 87' lang='lat' dir='ltr'>eis</span> <span class='ocrx_word' id='word_1_86' title='bbox 942 1439 1229 1500; x_wconf 85' lang='lat' dir='ltr'>tamquam</span> <span class='ocrx_word' id='word_1_87' title='bbox 1260 1431 1387 1485; x_wconf 89' lang='lat' dir='ltr'>satis</span> <span class='ocrx_word' id='word_1_88' title='bbox 1417 1429 1673 1486; x_wconf 85' lang='lat' dir='ltr'>felicibus</span> <span class='ocrx_word' id='word_1_89' title='bbox 1698 1435 1813 1488; x_wconf 92' lang='lat' dir='ltr'>ulla</span> <span class='ocrx_word' id='word_1_90' title='bbox 1837 1435 1897 1489; x_wconf 90' lang='lat' dir='ltr'>in</span> 
     </span>
     <span class='ocr_line' id='line_1_14' title="bbox 162 1517 1895 1588; baseline 0.002 -16"><span class='ocrx_word' id='word_1_91' title='bbox 162 1535 227 1573; x_wconf 86' lang='lat' dir='ltr'>re</span> <span class='ocrx_word' id='word_1_92' title='bbox 241 1517 647 1583; x_wconf 83' lang='lat' dir='ltr'><strong>adversaretur,</strong></span> <span class='ocrx_word' id='word_1_93' title='bbox 674 1532 975 1585; x_wconf 88' lang='lat' dir='ltr'>omnesque</span> <span class='ocrx_word' id='word_1_94' title='bbox 991 1526 1242 1586; x_wconf 87' lang='lat' dir='ltr'>cogentes</span> <span class='ocrx_word' id='word_1_95' title='bbox 1261 1517 1410 1588; x_wconf 87' lang='lat' dir='ltr'>quod</span> <span class='ocrx_word' id='word_1_96' title='bbox 1427 1533 1458 1572; x_wconf 63' lang='lat' dir='ltr'>v</span> <span class='ocrx_word' id='word_1_97' title='bbox 1471 1517 1524 1570; x_wconf 93' lang='lat' dir='ltr'>el</span> <span class='ocrx_word' id='word_1_98' title='bbox 1541 1517 1797 1574; x_wconf 84' lang='lat' dir='ltr'>dicerent</span> <span class='ocrx_word' id='word_1_99' title='bbox 1810 1523 1895 1576; x_wconf 87' lang='lat' dir='ltr'>vel</span> 
     </span>
     <span class='ocr_line' id='line_1_15' title="bbox 161 1597 1439 1669; baseline 0.001 -13"><span class='ocrx_word' id='word_1_100' title='bbox 161 1601 409 1656; x_wconf 83' lang='lat' dir='ltr'>facerent</span> <span class='ocrx_word' id='word_1_101' title='bbox 434 1602 684 1669; x_wconf 87' lang='lat' dir='ltr'>laudare,</span> <span class='ocrx_word' id='word_1_102' title='bbox 720 1601 854 1654; x_wconf 86' lang='lat' dir='ltr'>tales</span> <span class='ocrx_word' id='word_1_103' title='bbox 885 1597 1004 1653; x_wconf 86' lang='lat' dir='ltr'>fere</span> <span class='ocrx_word' id='word_1_104' title='bbox 1032 1600 1439 1658; x_wconf 85' lang='lat' dir='ltr'>educaverunt.</span> 
     </span>
    </p>
   </div>
   <div class='ocr_carea' id='block_1_6' title="bbox 307 1727 1788 1800">
    <p class='ocr_par' dir='ltr' id='par_1_6' title="bbox 307 1727 1788 1800">
     <span class='ocr_line' id='line_1_16' title="bbox 307 1727 1788 1800; baseline 0.003 -17"><span class='ocrx_word' id='word_1_105' title='bbox 307 1728 391 1783; x_wconf 86' lang='lat' dir='ltr'>CI.</span> <span class='ocrx_word' id='word_1_106' title='bbox 428 1729 748 1794; x_wconf 85' lang='lat' dir='ltr'><strong>Pulchram,</strong></span> <span class='ocrx_word' id='word_1_107' title='bbox 786 1737 850 1781; x_wconf 89' lang='lat' dir='ltr'>ut</span> <span class='ocrx_word' id='word_1_108' title='bbox 872 1737 1041 1800; x_wconf 86' lang='lat' dir='ltr'>patet,</span> <span class='ocrx_word' id='word_1_109' title='bbox 1080 1727 1464 1787; x_wconf 87' lang='lat' dir='ltr'>educationem</span> <span class='ocrx_word' id='word_1_110' title='bbox 1488 1749 1788 1788; x_wconf 81' lang='lat' dir='ltr'>memoras·</span> 
     </span>
    </p>
   </div>
   <div class='ocr_carea' id='block_1_7' title="bbox 166 1853 1897 2102">
    <p class='ocr_par' dir='ltr' id='par_1_7' title="bbox 166 1853 1897 2102">
     <span class='ocr_line' id='line_1_17' title="bbox 305 1853 1897 1931; baseline 0.003 -17"><span class='ocrx_word' id='word_1_111' title='bbox 305 1857 447 1914; x_wconf 80' lang='lat' dir='ltr'>Ath.</span> <span class='ocrx_word' id='word_1_112' title='bbox 493 1855 831 1912; x_wconf 85' lang='lat' dir='ltr'><strong>Muliebrem</strong></span> <span class='ocrx_word' id='word_1_113' title='bbox 869 1853 1073 1908; x_wconf 87' lang='lat' dir='ltr'>scilicet</span> <span class='ocrx_word' id='word_1_114' title='bbox 1102 1855 1386 1927; x_wconf 81' lang='lat' dir='ltr'>regiarum</span> <span class='ocrx_word' id='word_1_115' title='bbox 1424 1860 1764 1931; x_wconf 86' lang='lat' dir='ltr'><strong>mulierum,</strong></span> <span class='ocrx_word' id='word_1_116' title='bbox 1800 1882 1897 1917; x_wconf 90' lang='lat' dir='ltr'>re·-</span> 
     </span>
     <span class='ocr_line' id='line_1_18' title="bbox 166 1940 1897 2015; baseline 0.004 -19"><span class='ocrx_word' id='word_1_117' title='bbox 166 1963 296 1999; x_wconf 87' lang='lat' dir='ltr'>cens</span> <span class='ocrx_word' id='word_1_118' title='bbox 329 1944 542 1999; x_wconf 84' lang='lat' dir='ltr'>divitiis</span> <span class='ocrx_word' id='word_1_119' title='bbox 582 1951 874 1995; x_wconf 87' lang='lat' dir='ltr'>auctarum</span> <span class='ocrx_word' id='word_1_120' title='bbox 912 1949 994 2006; x_wconf 87' lang='lat' dir='ltr'>et,</span> <span class='ocrx_word' id='word_1_121' title='bbox 1035 1940 1165 2010; x_wconf 91' lang='lat' dir='ltr'>quia</span> <span class='ocrx_word' id='word_1_122' title='bbox 1188 1940 1292 1994; x_wconf 90' lang='lat' dir='ltr'>viri</span> <span class='ocrx_word' id='word_1_123' title='bbox 1317 1953 1551 2015; x_wconf 86' lang='lat' dir='ltr'>propter</span> <span class='ocrx_word' id='word_1_124' title='bbox 1572 1945 1718 2001; x_wconf 86' lang='lat' dir='ltr'>bella</span> <span class='ocrx_word' id='word_1_125' title='bbox 1743 1950 1897 2003; x_wconf 89' lang='lat' dir='ltr'>mul-</span> 
     </span>
     <span class='ocr_line' id='line_1_19' title="bbox 168 2025 1896 2102; baseline 0.003 -19"><span class='ocrx_word' id='word_1_126' title='bbox 168 2040 335 2102; x_wconf 88' lang='lat' dir='ltr'>taque</span> <span class='ocrx_word' id='word_1_127' title='bbox 348 2027 597 2101; x_wconf 90' lang='lat' dir='ltr'>pericula</span> <span class='ocrx_word' id='word_1_128' title='bbox 624 2026 806 2080; x_wconf 83' lang='lat' dir='ltr'>otium</span> <span class='ocrx_word' id='word_1_129' title='bbox 832 2043 947 2078; x_wconf 89' lang='lat' dir='ltr'>non</span> <span class='ocrx_word' id='word_1_130' title='bbox 968 2025 1266 2098; x_wconf 83' lang='lat' dir='ltr'>habebant,</span> <span class='ocrx_word' id='word_1_131' title='bbox 1282 2046 1489 2100; x_wconf 82' lang='lat' dir='ltr'>pueros</span> <span class='ocrx_word' id='word_1_132' title='bbox 1515 2028 1896 2089; x_wconf 76' lang='lat' dir='ltr'>educantium.</span> 
     </span>
    </p>
   </div>
   <div class='ocr_carea' id='block_1_8' title="bbox 307 2155 985 2213">
    <p class='ocr_par' dir='ltr' id='par_1_8' title="bbox 307 2155 985 2213">
     <span class='ocr_line' id='line_1_20' title="bbox 307 2155 985 2213; baseline -0.01 0"><span class='ocrx_word' id='word_1_133' title='bbox 307 2158 388 2213; x_wconf 81' lang='lat' dir='ltr'>CI.</span> <span class='ocrx_word' id='word_1_134' title='bbox 425 2156 873 2213; x_wconf 79' lang='lat' dir='ltr'>Consentaneum</span> <span class='ocrx_word' id='word_1_135' title='bbox 899 2155 985 2207; x_wconf 87' lang='lat' dir='ltr'>est.</span> 
     </span>
    </p>
   </div>
   <div class='ocr_carea' id='block_1_9' title="bbox 165 2281 1899 3302">
    <p class='ocr_par' dir='ltr' id='par_1_9' title="bbox 165 2281 1899 3302">
     <span class='ocr_line' id='line_1_21' title="bbox 307 2281 1896 2357; baseline 0.003 -18"><span class='ocrx_word' id='word_1_136' title='bbox 307 2283 443 2343; x_wconf 83' lang='grc' dir='ltr'><em>ΑιΙι.</em></span> <span class='ocrx_word' id='word_1_137' title='bbox 483 2284 650 2337; x_wconf 88' lang='lat' dir='ltr'>Pater</span> <span class='ocrx_word' id='word_1_138' title='bbox 688 2292 877 2336; x_wconf 89' lang='lat' dir='ltr'>autem</span> <span class='ocrx_word' id='word_1_139' title='bbox 915 2281 994 2335; x_wconf 84' lang='lat' dir='ltr'>eis</span> <span class='ocrx_word' id='word_1_140' title='bbox 1029 2293 1283 2337; x_wconf 90' lang='lat' dir='ltr'>armenta</span> <span class='ocrx_word' id='word_1_141' title='bbox 1309 2292 1361 2338; x_wconf 88' lang='lat' dir='ltr'>et</span> <span class='ocrx_word' id='word_1_142' title='bbox 1382 2284 1627 2357; x_wconf 87' lang='lat' dir='ltr'>pecudes</span> <span class='ocrx_word' id='word_1_143' title='bbox 1652 2289 1896 2343; x_wconf 84' lang='lat' dir='ltr'>multos-</span> 
     </span>
     <span class='ocr_line' id='line_1_22' title="bbox 165 2368 1895 2444; baseline 0.003 -20"><span class='ocrx_word' id='word_1_144' title='bbox 165 2390 274 2444; x_wconf 90' lang='lat' dir='ltr'>que</span> <span class='ocrx_word' id='word_1_145' title='bbox 310 2370 571 2424; x_wconf 86' lang='lat' dir='ltr'>virorum</span> <span class='ocrx_word' id='word_1_146' title='bbox 617 2368 970 2439; x_wconf 84' lang='lat' dir='ltr'>aliorumque</span> <span class='ocrx_word' id='word_1_147' title='bbox 1008 2370 1323 2423; x_wconf 89' lang='lat' dir='ltr'>multorum</span> <span class='ocrx_word' id='word_1_148' title='bbox 1361 2388 1554 2442; x_wconf 81' lang='lat' dir='ltr'>greges</span> <span class='ocrx_word' id='word_1_149' title='bbox 1591 2374 1895 2444; x_wconf 74' lang='lat' dir='ltr'>acquisivit,</span> 
     </span>
     <span class='ocr_line' id='line_1_23' title="bbox 165 2453 1898 2532; baseline 0.001 -22"><span class='ocrx_word' id='word_1_150' title='bbox 165 2457 308 2529; x_wconf 87' lang='lat' dir='ltr'>ipsos</span> <span class='ocrx_word' id='word_1_151' title='bbox 344 2474 511 2518; x_wconf 88' lang='lat' dir='ltr'>vero,</span> <span class='ocrx_word' id='word_1_152' title='bbox 548 2453 747 2525; x_wconf 84' lang='lat' dir='ltr'>quibus</span> <span class='ocrx_word' id='word_1_153' title='bbox 770 2453 903 2507; x_wconf 91' lang='lat' dir='ltr'>haec</span> <span class='ocrx_word' id='word_1_154' title='bbox 927 2454 1237 2508; x_wconf 79' lang='lat' dir='ltr'><strong>traditurus</strong></span> <span class='ocrx_word' id='word_1_155' title='bbox 1265 2466 1402 2524; x_wconf 87' lang='lat' dir='ltr'>erat,</span> <span class='ocrx_word' id='word_1_156' title='bbox 1438 2457 1677 2511; x_wconf 86' lang='lat' dir='ltr'>nescivit</span> <span class='ocrx_word' id='word_1_157' title='bbox 1697 2459 1765 2512; x_wconf 86' lang='lat' dir='ltr'>ad</span> <span class='ocrx_word' id='word_1_158' title='bbox 1788 2479 1898 2532; x_wconf 89' lang='lat' dir='ltr'>pa-</span> 
     </span>
     <span class='ocr_line' id='line_1_24' title="bbox 167 2538 1898 2614; baseline 0.002 -19"><span class='ocrx_word' id='word_1_159' title='bbox 167 2552 385 2595; x_wconf 83' lang='lat' dir='ltr'>ternam</span> <span class='ocrx_word' id='word_1_160' title='bbox 411 2560 525 2594; x_wconf 91' lang='lat' dir='ltr'>non</span> <span class='ocrx_word' id='word_1_161' title='bbox 554 2538 759 2591; x_wconf 82' lang='lat' dir='ltr'>institui</span> <span class='ocrx_word' id='word_1_162' title='bbox 789 2548 986 2603; x_wconf 88' lang='lat' dir='ltr'>artem,</span> <span class='ocrx_word' id='word_1_163' title='bbox 1033 2558 1176 2611; x_wconf 93' lang='lat' dir='ltr'>quae</span> <span class='ocrx_word' id='word_1_164' title='bbox 1212 2542 1462 2610; x_wconf 87' lang='lat' dir='ltr'>[Perfica‚</span> <span class='ocrx_word' id='word_1_165' title='bbox 1501 2562 1674 2614; x_wconf 90' lang='lat' dir='ltr'>quum</span> <span class='ocrx_word' id='word_1_166' title='bbox 1699 2544 1898 2599; x_wconf 87' lang='lat' dir='ltr'>Persae</span> 
     </span>
     <span class='ocr_line' id='line_1_25' title="bbox 170 2625 1899 2700; baseline 0.006 -22"><span class='ocrx_word' id='word_1_167' title='bbox 170 2628 406 2700; x_wconf 85' lang='lat' dir='ltr'>pastores</span> <span class='ocrx_word' id='word_1_168' title='bbox 443 2630 641 2689; x_wconf 82' lang='lat' dir='ltr'>essent,</span> <span class='ocrx_word' id='word_1_169' title='bbox 691 2626 914 2696; x_wconf 86' lang='lat' dir='ltr'>asperae</span> <span class='ocrx_word' id='word_1_170' title='bbox 954 2625 1192 2697; x_wconf 88' lang='lat' dir='ltr'>regionis</span> <span class='ocrx_word' id='word_1_171' title='bbox 1226 2627 1470 2696; x_wconf 88' lang='lat' dir='ltr'>alumni]</span> <span class='ocrx_word' id='word_1_172' title='bbox 1508 2627 1648 2683; x_wconf 85' lang='lat' dir='ltr'>dura</span> <span class='ocrx_word' id='word_1_173' title='bbox 1686 2643 1808 2686; x_wconf 86' lang='lat' dir='ltr'>erat</span> <span class='ocrx_word' id='word_1_174' title='bbox 1843 2642 1899 2688; x_wconf 88' lang='lat' dir='ltr'>et</span> 
     </span>
     <span class='ocr_line' id='line_1_26' title="bbox 170 2711 1898 2784; baseline 0.005 -19"><span class='ocrx_word' id='word_1_175' title='bbox 170 2711 371 2766; x_wconf 87' lang='lat' dir='ltr'>idonea</span> <span class='ocrx_word' id='word_1_176' title='bbox 397 2712 465 2765; x_wconf 88' lang='lat' dir='ltr'>ad</span> <span class='ocrx_word' id='word_1_177' title='bbox 493 2713 730 2784; x_wconf 87' lang='lat' dir='ltr'>pastores</span> <span class='ocrx_word' id='word_1_178' title='bbox 763 2711 1079 2765; x_wconf 85' lang='lat' dir='ltr'>efficiendos</span> <span class='ocrx_word' id='word_1_179' title='bbox 1112 2711 1417 2766; x_wconf 86' lang='lat' dir='ltr'>admodum</span> <span class='ocrx_word' id='word_1_180' title='bbox 1440 2713 1685 2768; x_wconf 88' lang='lat' dir='ltr'>robustos</span> <span class='ocrx_word' id='word_1_181' title='bbox 1713 2727 1766 2770; x_wconf 90' lang='lat' dir='ltr'>et</span> <span class='ocrx_word' id='word_1_182' title='bbox 1795 2739 1898 2774; x_wconf 81' lang='lat' dir='ltr'>va—</span> 
     </span>
     <span class='ocr_line' id='line_1_27' title="bbox 172 2795 1894 2870; baseline 0.005 -22"><span class='ocrx_word' id='word_1_183' title='bbox 172 2795 352 2848; x_wconf 84' lang='lat' dir='ltr'>lentes</span> <span class='ocrx_word' id='word_1_184' title='bbox 373 2795 442 2847; x_wconf 80' lang='lat' dir='ltr'>ad</span> <span class='ocrx_word' id='word_1_185' title='bbox 467 2796 639 2851; x_wconf 86' lang='lat' dir='ltr'>vitam</span> <span class='ocrx_word' id='word_1_186' title='bbox 662 2796 762 2849; x_wconf 90' lang='lat' dir='ltr'>sub</span> <span class='ocrx_word' id='word_1_187' title='bbox 806 2796 940 2850; x_wconf 86' lang='lat' dir='ltr'>divo</span> <span class='ocrx_word' id='word_1_188' title='bbox 979 2795 1308 2867; x_wconf 88' lang='lat' dir='ltr'>degendam,</span> <span class='ocrx_word' id='word_1_189' title='bbox 1346 2798 1416 2852; x_wconf 88' lang='lat' dir='ltr'>ad</span> <span class='ocrx_word' id='word_1_190' title='bbox 1449 2800 1794 2870; x_wconf 85' lang='lat' dir='ltr'>vigilandum</span> <span class='ocrx_word' id='word_1_191' title='bbox 1824 2814 1894 2866; x_wconf 89' lang='lat' dir='ltr'>et,</span> 
     </span>
     <span class='ocr_line' id='line_1_28' title="bbox 177 2878 1894 2955; baseline 0.007 -24"><span class='ocrx_word' id='word_1_192' title='bbox 177 2879 216 2931; x_wconf 85' lang='lat' dir='ltr'>fi</span> <span class='ocrx_word' id='word_1_193' title='bbox 250 2878 457 2932; x_wconf 86' lang='lat' dir='ltr'>bellum</span> <span class='ocrx_word' id='word_1_194' title='bbox 497 2891 772 2953; x_wconf 82' lang='lat' dir='ltr'>oporteret</span> <span class='ocrx_word' id='word_1_195' title='bbox 816 2882 935 2955; x_wconf 87' lang='lat' dir='ltr'>geri</span> <span class='ocrx_word' id='word_1_196' title='bbox 974 2882 1365 2952; x_wconf 64' lang='lat' dir='ltr'>militandumg</span> <span class='ocrx_word' id='word_1_197' title='bbox 1405 2884 1735 2940; x_wconf 86' lang='lat' dir='ltr'>educatione</span> <span class='ocrx_word' id='word_1_198' title='bbox 1761 2907 1894 2943; x_wconf 87' lang='lat' dir='ltr'>vero</span> 
     </span>
     <span class='ocr_line' id='line_1_29' title="bbox 178 2960 1897 3039; baseline 0.005 -22"><span class='ocrx_word' id='word_1_199' title='bbox 178 2960 399 3017; x_wconf 83' lang='lat' dir='ltr'>Medica</span> <span class='ocrx_word' id='word_1_200' title='bbox 422 2976 685 3038; x_wconf 87' lang='lat' dir='ltr'>corrupta</span> <span class='ocrx_word' id='word_1_201' title='bbox 707 2985 811 3038; x_wconf 85' lang='lat' dir='ltr'>per</span> <span class='ocrx_word' id='word_1_202' title='bbox 836 2968 1159 3023; x_wconf 85' lang='lat' dir='ltr'>felicitatem</span> <span class='ocrx_word' id='word_1_203' title='bbox 1179 2986 1323 3039; x_wconf 88' lang='lat' dir='ltr'>quae</span> <span class='ocrx_word' id='word_1_204' title='bbox 1344 2970 1632 3024; x_wconf 88' lang='lat' dir='ltr'>dicebatur</span> <span class='ocrx_word' id='word_1_205' title='bbox 1657 2991 1773 3026; x_wconf 86' lang='lat' dir='ltr'>non</span> <span class='ocrx_word' id='word_1_206' title='bbox 1804 2974 1897 3026; x_wconf 76' lang='lat' dir='ltr'>vi·-</span> 
     </span>
     <span class='ocr_line' id='line_1_30' title="bbox 182 3044 1898 3120; baseline 0.01 -23"><span class='ocrx_word' id='word_1_207' title='bbox 182 3045 265 3098; x_wconf 83' lang='lat' dir='ltr'>dit</span> <span class='ocrx_word' id='word_1_208' title='bbox 284 3044 426 3099; x_wconf 75' lang='lat' dir='ltr'>filios</span> <span class='ocrx_word' id='word_1_209' title='bbox 451 3047 571 3102; x_wconf 80' lang='lat' dir='ltr'>suos</span> <span class='ocrx_word' id='word_1_210' title='bbox 596 3068 628 3102; x_wconf 84' lang='lat' dir='ltr'>a</span> <span class='ocrx_word' id='word_1_211' title='bbox 649 3052 975 3107; x_wconf 87' lang='lat' dir='ltr'>mulieribus</span> <span class='ocrx_word' id='word_1_212' title='bbox 998 3062 1054 3106; x_wconf 90' lang='lat' dir='ltr'>et</span> <span class='ocrx_word' id='word_1_213' title='bbox 1080 3054 1348 3108; x_wconf 86' lang='lat' dir='ltr'>eunuchis</span> <span class='ocrx_word' id='word_1_214' title='bbox 1374 3057 1582 3120; x_wconf 83' lang='lat' dir='ltr'>imbui3</span> <span class='ocrx_word' id='word_1_215' title='bbox 1620 3058 1768 3111; x_wconf 91' lang='lat' dir='ltr'>unde</span> <span class='ocrx_word' id='word_1_216' title='bbox 1795 3079 1898 3115; x_wconf 83' lang='lat' dir='ltr'>ex-</span> 
     </span>
     <span class='ocr_line' id='line_1_31' title="bbox 182 3130 1892 3210; baseline 0.011 -28"><span class='ocrx_word' id='word_1_217' title='bbox 182 3130 437 3183; x_wconf 82' lang='lat' dir='ltr'>stiterunt</span> <span class='ocrx_word' id='word_1_218' title='bbox 479 3134 670 3201; x_wconf 85' lang='lat' dir='ltr'>quales</span> <span class='ocrx_word' id='word_1_219' title='bbox 712 3139 1139 3193; x_wconf 85' lang='lat' dir='ltr'>consentaneum</span> <span class='ocrx_word' id='word_1_220' title='bbox 1181 3149 1299 3193; x_wconf 87' lang='lat' dir='ltr'>erat</span> <span class='ocrx_word' id='word_1_221' title='bbox 1337 3157 1429 3193; x_wconf 88' lang='lat' dir='ltr'>eos</span> <span class='ocrx_word' id='word_1_222' title='bbox 1483 3140 1762 3210; x_wconf 81' lang='lat' dir='ltr'>exsistere,</span> <span class='ocrx_word' id='word_1_223' title='bbox 1822 3147 1892 3200; x_wconf 89' lang='lat' dir='ltr'>ad</span> 
     </span>
     <span class='ocr_line' id='line_1_32' title="bbox 182 3216 1894 3302; baseline 0.011 -35"><span class='ocrx_word' id='word_1_224' title='bbox 182 3216 572 3271; x_wconf 88' lang='lat' dir='ltr'>educationem</span> <span class='ocrx_word' id='word_1_225' title='bbox 599 3219 914 3275; x_wconf 86' lang='lat' dir='ltr'>dissolutam</span> <span class='ocrx_word' id='word_1_226' title='bbox 937 3223 1179 3279; x_wconf 87' lang='lat' dir='ltr'>instituti.</span> <span class='ocrx_word' id='word_1_227' title='bbox 1218 3224 1404 3294; x_wconf 84' lang='lat' dir='ltr'>itaque</span> <span class='ocrx_word' id='word_1_228' title='bbox 1426 3222 1522 3277; x_wconf 89' lang='lat' dir='ltr'>filii</span> <span class='ocrx_word' id='word_1_229' title='bbox 1541 3243 1717 3296; x_wconf 90' lang='lat' dir='ltr'>quum</span> <span class='ocrx_word' id='word_1_230' title='bbox 1743 3230 1894 3302; x_wconf 89' lang='lat' dir='ltr'>Cyro</span> 
     </span>
    </p>
   </div>
   <div class='ocr_carea' id='block_1_10' title="bbox 181 3302 1983 3378">
    <p class='ocr_par' dir='ltr' id='par_1_10' title="bbox 181 3302 1983 3378">
     <span class='ocr_line' id='line_1_33' title="bbox 181 3302 1983 3378; baseline 0.007 -23"><span class='ocrx_word' id='word_1_231' title='bbox 181 3311 404 3356; x_wconf 88' lang='lat' dir='ltr'>mortuo</span> <span class='ocrx_word' id='word_1_232' title='bbox 426 3302 727 3375; x_wconf 90' lang='lat' dir='ltr'>imperium</span> <span class='ocrx_word' id='word_1_233' title='bbox 752 3306 1122 3378; x_wconf 82' lang='lat' dir='ltr'>suscepiss&#39;ent,</span> <span class='ocrx_word' id='word_1_234' title='bbox 1158 3309 1418 3364; x_wconf 86' lang='lat' dir='ltr'>dissoluta</span> <span class='ocrx_word' id='word_1_235' title='bbox 1444 3309 1774 3368; x_wconf 84' lang='lat' dir='ltr'>educatione</span> <span class='ocrx_word' id='word_1_236' title='bbox 1800 3335 1893 3369; x_wconf 91' lang='lat' dir='ltr'>re-</span> <span class='ocrx_word' id='word_1_237' title='bbox 1980 3319 1983 3325; x_wconf 79' lang='grc'><em>’</em></span> 
     </span>
    </p>
   </div>
  </div>
 </body>
</html>
