2132 3652
648 157 650 159 ’
710 170 840 226 LE
879 159 1292 224 o‘ssssssm*
1618 220 1625 230 ,
1752 161 1907 228 203·

222 308 384 391 Me
416 313 581 368 Bene
614 312 782 376 dicis,
829 327 1036 366 conare
1060 299 1250 367 autem
1274 309 1436 365 etiam
1467 311 1667 365 clarius
1698 313 1859 367 nobis

0 423 11 483 {2
138 394 415 478 efficere
441 398 587 470 quod
614 415 766 497 nunc
786 396 996 452 dictum
1025 397 1111 450 est

220 487 407 599 All».
458 540 578 595 Hoc
614 491 728 595 fiet.
800 558 917 594 non
951 548 1097 606 erat,
1134 539 1330 606 amici,
1367 524 1529 595 nobis
1553 498 1861 598 secundum

137 634 353 689 vetet-es
381 626 526 697 leges
551 627 761 699 populo
783 627 1015 699 potestas
1039 625 1252 697 aliqua,
1293 624 1383 678 sed
1409 623 1560 679 ultro
1582 623 1861 694 quodam-

48 751 57 770 ,·
76 760 90 774 ι
135 711 300 788 modo
321 709 596 768 serviebat
615 710 843 782 legibus.

276 827 385 911 nie.
426 853 781 929 Quibusnam
809 852 974 908 dicis?

279 995 417 1051 Ath.
471 997 565 1051 Eis
603 997 854 1070 primum
896 1014 1036 1068 quae
1070 996 1137 1050 de
1176 995 1377 1048 mufica
1409 990 1559 1047 illius)
1596 992 1864 1065 temporis

138 1081 280 1135 latae
308 1092 485 1143 erant,
522 1082 674 1137 ut‘ab
699 1083 858 1136 initio
883 1083 1290 1154 persequamur
1314 1079 1478 1134 nimis
1501 1078 1704 1132 liberae
1722 1078 1866 1131 vitae

136 1163 585 1238 progressionem.
658 1167 828 1221 divisa
874 1167 1020 1220 enim
1058 1177 1176 1219 tum
1212 1175 1330 1219 erat
1365 1164 1527 1240 nobis
1565 1163 1770 1216 mufica
1802 1162 1865 1214 in

137 1250 339 1322 species
371 1253 635 1323 quasdam
664 1253 860 1318 suas-et
882 1251 1181 1318 sormaS‚et
1203 1251 1406 1323 species
1438 1248 1711 1321 quaedam
1738 1265 1863 1301 can-

137 1344 227 1386 tus
252 1346 418 1391 erant
433 1356 622 1408 preces
646 1339 714 1391 ad
741 1339 888 1403 deos,
904 1355 1046 1407 quae
1071 1332 1743 1405 nominabanturhymni,
1761 1332 1863 1385 hu·

95 1416 98 1418 ’
137 1421 331 1491 iusque
346 1423 618 1475 contraria
640 1432 762 1476 erat
784 1422 889 1476 alia
905 1431 1097 1475 cantus
1114 1419 1336 1491 species,
1351 1436 1487 1489 quas
1500 1417 1690 1471 nenias
1718 1418 1863 1489 quis-

137 1503 290 1578 piam
318 1505 565 1558 maxime
589 1505 970 1578 appellaverit,
1005 1506 1301 1575 rursusque
1326 1505 1430 1559 alia
1453 1514 1647 1578 paean,
1686 1513 1739 1557 et
1759 1504 1866 1557 alia

138 1609 172 1643 a
192 1590 405 1644 Baccho
428 1589 699 1664 profecta,
739 1601 802 1643 ut
825 1589 1083 1657 arbitror,
1123 1589 1512 1660 dithyrambus
1546 1590 1865 1653 nominata3

138 1675 302 1730 aliam
343 1675 581 1747 denique
613 1677 924 1730 carminum
962 1675 1198 1748 speciem
1237 1675 1341 1729 hoc
1366 1669 1492 1749 ¹ipso
1521 1675 1751 1729 nomine
1776 1676 1866 1728 le-

138 1779 270 1831 gum
306 1758 520 1829 (νόμων)
572 1760 1002 1831 nuncupabant,
1056 1777 1200 1830 quae
1242 1780 1546 1832 cognomen
1584 1760 1869 1831 habebant

140 1845 666 1900 citharoedicarum.
715 1843 796 1896 his
823 1844 994 1914 igitur
1018 1845 1245 1913 aliisque
1270 1845 1709 1914 quibusdamita
1737 1865 1867 1899 con·

141 1930 338 1984 stitutis
362 1948 475 1983 non
500 1929 704 1983 licebat
736 1929 900 1983 aliam
927 1929 994 1982 ad
1018 1927 1185 1981 aliam
1214 1938 1406 1982 cantus
1441 1929 1679 2001 speciem
1706 1923 1868 1983 adhi-

138 2016 288 2070 bere.
360 2016 413 2069 id
441 2025 630 2072 autem
655 2033 823 2089 penes
851 2013 997 2084 quod
1024 2013 1227 2067 harum
1253 2032 1442 2068 rerum
1472 2013 1712 2091 cognitio
1750 2023 1870 2066 erat

139 2101 410 2173 simulque
441 2119 565 2154 cum
592 2100 900 2171 cognitione
924 2097 1195 2152 iudicium
1225 2108 1280 2152 et
1311 2099 1585 2172 castigatio
1623 2099 1742 2152 eius
1769 2098 1868 2169 qui

144 2204 262 2240 non
282 2185 722 2256 obtemperasset,
741 2202 919 2253 neque
951 2183 1099 2236 fibila
1134 2193 1292 2236 erant
1317 2202 1501 2256 neque
1522 2183 1688 2236 rudes
1702 2202 1866 2254 quae-

36 2285 77 2294 ··
147 2271 274 2342 dam
309 2269 1168 2342 multitudinisvociferationes,
1205 2270 1338 2321 ficut
1363 2286 1538 2336 nunc,
1574 2272 1760 2339 neque
1782 2278 1866 2320 et-
1939 2304 1943 2317 2

142 2356 258 2412 iam
293 2355 545 2428 strepitus
578 2353 1035 2428 applaudentium
1061 2394 1076 2421 ‚
1114 2352 1205 2406 sed
1241 2351 1336 2423 qui
1364 2350 1677 2425 disciplinae
1705 2372 1864 2426 prae-

146 2450 307 2495 erant
335 2440 442 2495 hoc
480 2441 897 2507 constituerant,
935 2448 998 2492 ut
1024 2439 1121 2511 ipfi
1155 2436 1360 2491 filentio
1398 2456 1576 2510 usque
1598 2439 1667 2492 ad
1695 2438 1865 2493 finem

144 2525 417 2594 audirent,
433 2528 592 2600 pueri
621 2546 755 2581 vero
789 2535 840 2579 et
863 2524 1164 2598 paedagogi
1189 2522 1550 2595 maximaque
1566 2524 1729 2578 turba
1742 2525 1868 2579 vir-

147 2628 217 2683 ga
251 2613 489 2685 castigati
527 2613 587 2667 in
619 2612 878 2666 ordinem
905 2621 1254 2682 cogerentur.
1325 2609 1432 2662 hac
1459 2609 1628 2680 igitur
1650 2610 1867 2665 ratione

149 2695 344 2750 ordine
382 2698 608 2768 volebat
635 2697 858 2751 obedire
890 2696 1096 2749 civium
1137 2695 1470 2761 multitude,
1516 2713 1621 2749 nec
1658 2696 1867 2751 audere

152 2781 545 2837 tumultuando
582 2782 849 2838 iudicare.
921 2781 1120 2835 deinde
1150 2792 1336 2836 autem
1360 2780 1697 2855 procedente
1719 2790 1866 2835 tem-

156 2882 291 2936 pore
316 2865 499 2935 legum
528 2871 856 2924 muficarum
882 2867 1195 2923 violationis
1211 2878 1459 2922 auctores
1486 2867 1684 2941 poetae
1705 2866 1867 2920 exsti-

159 2956 345 3000 terunt
366 2958 562 3003 natura
585 2952 801 3022 quidem
830 2954 1048 3027 poetici,
1071 2954 1166 3007 sed
1189 2953 1345 3008 inscii
1370 2953 1537 3007 iustae
1558 2950 1865 3023 legitimae-

160 3050 269 3101 que
302 3032 519 3097 musae,
569 3033 894 3092 bacchantes
934 3041 1215 3112 magisque
1241 3056 1406 3110 quam
1430 3057 1530 3110 par
1554 3046 1674 3090 erat
1700 3036 1867 3089 volu-
1952 3090 1955 3093 .

158 3114 295 3187 ptati
335 3115 707 3187 indulgentes,
766 3122 1049 3177 miscentes
1100 3143 1269 3198 porro
1309 3122 1499 3176 nenias
1546 3119 1766 3191 hymnis
1813 3130 1866 3172 et

154 3219 387 3271 pac-anas
415 3201 792 3271 dithyrambis,
830 3216 882 3258 et
911 3208 1169 3264 tibiarum
1196 3227 1413 3279 quoquc
1444 3207 1597 3258 sonos
1625 3203 1864 3259 citharae

156 3297 323 3340 cantu
348 3286 618 3340 imitantes
647 3290 936 3361 omniaque
966 3293 1024 3348 in
1051 3296 1238 3350 omnia
1261 3294 1670 3363 coniungentes.
1712 3290 1863 3344 invi-
