2176 3672
855 212 1351 271 LEGESI.
1892 228 1960 283 ει

376 365 518 423 Aah.
559 360 796 419 Minime
826 358 994 432 igitur
1020 368 1139 414 tum
1167 358 1367 414 suimet
1396 358 1559 433 ipfius
1586 360 1690 413 erit
1714 373 1924 435 potens.

379 452 463 508 Cl
501 448 737 506 Minime
759 464 910 500 vero.

379 539 518 594 Ath
533 538 680 594 Num
707 533 876 606 igitur
900 531 1178 604 pessimus‚
1197 529 1450 600 dicimuS,
1467 530 1741 587 eiusmodi
1766 531 1966 591 homo?

381 623 465 680 ΟΖ.
503 623 694 691 Longe
723 636 876 672 vero.

379 710 518 765 Ath.
556 707 682 763 Non
712 705 890 759 solum
914 702 1116 776 igitur,
1164 713 1228 757 ut
1261 711 1444 775 patet,
1493 704 1659 758 senex
1693 701 1776 759 bis
1819 723 1967 780 puer

241 794 363 858 erit,
402 813 606 848 verum
633 791 804 845 etiam
832 787 1038 843 ebrius.
1933 819 1938 827 .

378 879 463 935 Cl.
504 877 737 951 Optime
775 873 925 940 dicis,
963 873 1176 948 hospes.
1898 926 1901 931 ,

376 965 511 1020 ΑιΙι.
550 966 674 1018 Hoe
711 962 880 1034 igitur
906 958 1149 1014 studium
1188 960 1336 1012 estne
1372 959 1518 1013 ratio
1556 978 1700 1032 quae
1734 968 1969 1035 persua..

236 1052 370 1105 dere
395 1050 560 1104 nobis
586 1057 857 1102 conatura
880 1047 944 1099 fit
963 1044 1314 1116 gustandum,
1331 1053 1389 1098 et
1412 1062 1527 1099 non
1550 1047 1707 1102 omni
1724 1068 1781 1104 vl
1794 1068 1967 1122 quam

239 1134 487 1190 maxime
506 1133 835 1204 fugiendum
865 1134 968 1184 effe
983 1128 1012 1181 ’Β

385 1218 465 1275 CI.
503 1220 742 1277 Videtur
758 1220 893 1284 effe3
931 1224 993 1269 tu
1008 1223 1155 1268 certe
1170 1213 1250 1268 ais
1272 1222 1327 1268 et
1341 1226 1636 1295 promptus
1663 1238 1784 1276 eras
1795 1223 1966 1279 modo

239 1306 308 1360 ad
333 1303 651 1360 dicendum.

382 1390 514 1445 Atlc.
562 1389 713 1445 Vera
754 1386 982 1458 quidem
1025 1403 1341 1440 memoras:
1395 1396 1449 1440 et
1485 1405 1639 1444 nune
1681 1393 1812 1445 sane
1845 1393 1967 1448 sum

232 1484 547 1550 promptus,
583 1471 1032 1545 quandoquidem
1056 1490 1152 1525 vos
1176 1483 1443 1545 prompto
1461 1474 1650 1529 animo
1673 1477 1970 1533 audituros

233 1566 337 1616 effe
362 1559 584 1615 dixistis.

380 1648 463 1702 CI
514 1645 731 1721 Quidni
764 1644 1020 1700 audituri
1046 1644 1248 1697 fimus?
1298 1642 1507 1697 etiamst
1545 1614 1760 1702 nullam
1799 1648 1967 1704 aliam

234 1732 306 1786 ob
334 1733 584 1797 causam,
636 1742 691 1786 at
722 1743 953 1806 propter
986 1729 1377 1784 admi1abilem
1403 1729 1550 1784 hano
1579 1741 1636 1786 et
1662 1732 1970 1789 incredibi-

234 1818 343 1871 lem
362 1816 640 1872 rationem
657 1837 800 1889 quae
814 1827 988 1890 ponat
1009 1817 1160 1871 ultro
1179 1816 1325 1887 aliqu
1334 1815 1480 1869 ando
1490 1815 1780 1875 hominem
1795 1840 1969 1896 opor-

238 1912 354 1956 tere
379 1903 438 1956 in
467 1922 693 1957 omnem
722 1902 1055 1977 pravitatem
1083 1903 1138 1954 se
1158 1902 1346 1973 ipsum
1367 1901 1694 1960 immittere.

379 1987 519 2042 Ath.
557 1989 748 2043 Animi
776 1986 913 2041 dicis
939 1986 1304 2058 pravitatem:
1343 1986 1573 2041 nonne?

318 2100 321 2104 ·
378 2073 458 2129 CI.
494 2073 694 2127 Etiam.

371 2156 511 2216 Ath.
562 2157 715 2231 Quid
757 2177 890 2212 vero
929 2159 997 2212 de
1034 2157 1316 2230 corporis,
1353 2158 1565 2225 amice,
1597 2159 1880 2236 pravitate
1912 2170 1968 2216 et

235 2232 503 2299 tenuitate
541 2253 599 2296 et
638 2244 989 2316 turpitudine
1027 2254 1083 2296 et
1125 2242 1500 2315 impotentia?
1535 2241 1963 2314 mirabimurne‚

234 2333 269 2385 fi
294 2330 415 2404 quis
447 2331 544 2383 sua
571 2330 764 2399 sponte
788 2327 1085 2399 aliquando
1109 2328 1177 2381 ad
1198 2328 1297 2382 has
1327 2327 1646 2383 accesserit?

377 2413 458 2469 Cl.
498 2412 751 2487 Quidni?

242 2572 245 2574 ‚
378 2500 515 2558 Ath.
556 2498 711 2572 Quid
731 2498 945 2571 igitur?
980 2517 1076 2552 eos
1103 2498 1198 2570 qui
1224 2499 1471 2555 officinas
1489 2499 1736 2554 medicas
1761 2500 1968 2556 adeunt

235 2584 627 2642 medicamenti
640 2584 867 2639 bibendi
881 2585 1042 2638 causa
1070 2584 1328 2657 ignorare
1348 2582 1614 2658 putamus
1634 2586 1827 2660 paullo
1852 2590 1968 2661 post

237 2683 293 2727 et
314 2674 517 2728 multos
537 2691 640 2747 per
663 2672 779 2725 dies
809 2671 921 2724 tale
947 2671 1003 2723 se
1027 2670 1322 2726 habituros
1345 2674 1453 2724 effe
1478 2681 1704 2743 corpus,
1742 2674 1908 2770 quale
1930 2676 1966 2726 fi

236 2768 523 2855 perpetuo·
540 2755 785 2812 habitmi
818 2760 1014 2823 effent,
1052 2757 1237 2812 vivere
1263 2757 1516 2812 nollent?
1550 2775 1624 2811 an
1653 2779 1746 2812 eos
1772 2760 1870 2832 qui
1893 2759 1964 2813 ad

237 2841 659 2897 exercitationes
698 2843 1029 2914 laboresque
1068 2843 1470 2916 aggrediuntur
1521 2863 1711 2900 nonne
1761 2845 1963 2947 scimus

239 2923 572 2982 imbecillos
555 2946 615 2982 m
641 2928 958 2998 praesentia
974 2927 1138 2984 fieri?

278 3035 282 3038 ’
376 3009 461 3064 CI.
501 3011 705 3068 Omnia
730 3015 866 3070 haec
888 3013 1103 3070 scimus.

379 3094 514 3150 Ath.
555 3097 628 3153 Et
658 3100 913 3155 utilitatis
940 3104 1099 3157 causa
1117 3105 1233 3176 post
1252 3102 1551 3175 capiendae
1581 3120 1671 3158 eos
1701 3103 1793 3157 sua
1809 3102 1964 3177 spon-

242 3188 290 3231 te
321 3178 387 3231 ad
416 3179 507 3232 ina
534 3184 796 3254 aggredi?

382 3264 461 3320 CI.
505 3267 731 3338 Optime
760 3272 912 3325 vero.
