2158 3652
1970 232 2004 286 5

277 375 430 424 recta
469 365 707 420 muficae
740 362 955 421 ratione
989 385 1100 421 non
1144 368 1320 440 magis
1345 372 1494 442 poss'e
1519 370 1791 439 constitui,
1830 392 2000 447 quam

278 451 544 504 musicam
567 451 676 504 fine
707 451 973 507 universa
1007 452 1365 517 educatione;
1402 455 1629 528 Megillo
1659 457 1860 512 deinde
1885 460 2007 515 Cli-

277 539 488 611 niaque
541 537 966 592 adhortantibus
1011 537 1081 592 de
1128 538 1472 594 institutione
1522 559 1806 614 exponere
1865 544 2005 599 inci-

278 621 377 698 pit.
450 624 728 679 Primaria
765 624 882 678 eius
911 643 1038 697 pars
1075 626 1148 678 est
1182 634 1331 678 recta
1366 626 1647 687 educatio,
1688 645 1833 698 quae
1860 647 2006 702 pue-

277 729 410 765 rum
448 711 516 764 iis
566 708 855 763 assuefacit
899 727 1212 779 eorumque
1246 727 1437 763 amore
1470 710 1747 776 incendit,
1807 713 2009 783 quibua

277 795 579 868 aliquando
604 796 858 850 excellat.
933 794 1209 849 Institutio
1233 814 1370 865 vero
1399 796 1630 868 propria
1660 805 1717 850 et
1746 796 2008 864 liberaliS‚

278 881 374 934 cui
423 881 604 936 virtus
643 881 920 954 propofita
971 882 1067 945 est,
1118 899 1151 933 a
1182 878 1403 950 vulgari
1441 879 1537 931 illa
1573 899 1717 950 quae
1762 882 1832 936 ad
1875 902 2008 957 opes

276 966 640 1039 aliasque-*res
664 984 696 1018 a
725 964 993 1039 sapientia
1017 964 1223 1018 alienas
1249 964 1488 1035 spectat,
1530 964 1879 1022 discernatur
1900 988 2011 1022 ne..

276 1056 412 1107 ceffe
429 1053 501 1104 est
517 1050 684 1123 (644).
705 1050 769 1102 In
791 1048 936 1118 quod
956 1058 1018 1100 ut
1036 1047 1352 1116 accuratius
1373 1048 1640 1120 inquirat,
1655 1050 1899 1107 hominis
1913 1073 2009 1107 na-

275 1149 463 1203 turam
481 1135 777 1203 variasque
792 1132 906 1185 eius
924 1141 1105 1205 partes
1119 1135 1519 1205 perscrutatur.
1549 1136 1677 1190 Duo
1694 1135 1894 1191 suntin
1908 1138 2011 1191 ho-

273 1222 428 1275 mine
443 1221 593 1273 inter
610 1219 665 1270 se
678 1216 973 1283 contraria,
988 1219 1244 1292 voluptas
1259 1229 1316 1272 et
1335 1219 1512 1287 dolor,
1528 1220 1658 1290 duc,
1673 1241 1819 1294 quae
1834 1224 1905 1277 ad
1922 1222 2012 1277 fu-

272 1316 399 1360 tura
424 1306 687 1378 spectant,
726 1301 898 1357 timor
923 1313 978 1356 et
1003 1305 1364 1372 confidentia3
1387 1324 1562 1359 unum
1588 1306 1847 1392 denique,
1863 1309 2012 1380 quod

213 1409 215 1413 ⁴
271 1380 423 1445 haec
436 1389 632 1444 omnia
653 1378 810 1460 regit,
850 1389 1019 1456 ratic,
1057 1408 1217 1461 quae,
1242 1393 1280 1444 fi
1302 1409 1605 1445 commune
1638 1384 1881 1471 civitatis
1909 1393 2012 1475 de-

272 1487 488 1531 cretum
512 1476 611 1541 est,
650 1475 745 1528 lex
774 1485 1025 1533 vocatur.
1102 1478 1287 1532 Hom'o
1309 1476 1480 1549 igitur
1502 1471 1775 1533 miraculo
1798 1480 1837 1531 s.
1859 1477 2013 1532 ima·-

272 1561 388 1636 gini
402 1549 899 1655 compararipotest
915 1562 1061 1632 quod
1077 1563 1302 1618 diverfis
1316 1562 1507 1616 nervis
1525 1562 1797 1617 trahitur·
1779 1601 1798 1630 ,
1828 1561 2011 1641 quod-

273 1649 311 1701 fi
333 1642 565 1701 rationis
589 1654 832 1699 tractum
855 1646 1123 1726 sectatur,
1160 1647 1355 1703 virtuti
1380 1646 1584 1713 studet,
1614 1648 1701 1700 sm
1724 1666 1757 1700 a
1766 1646 2013 1720 cupidi-

273 1741 388 1787 tate
419 1732 472 1786 se
498 1731 626 1800 rapi
650 1731 891 1803 patitur,
930 1731 1199 1804 pravitati
1236 1734 1310 1787 se
1331 1733 1500 1789 dedit.
1573 1734 1640 1805 In
1671 1726 1813 1786 hoc
1811 1735 2010 1787 autem

272 1828 428 1873 lecta
466 1826 523 1871 et
559 1817 746 1888 legum
785 1827 841 1870 et
871 1817 1221 1873 institutionis
1265 1829 1323 1873 et
1355 1802 1652 1875 universae
1687 1795 1838 1872 vitae
1863 1817 2011 1871 latio

272 1903 475 1957 nititur
498 1903 663 1972 (647).
695 1902 819 1956 Iam
843 1921 984 1956 vero
1012 1903 1131 1956 duo
1146 1893 1365 1960 timoris
1378 1923 1582 1977 genera
1606 1905 1753 1971 sunt,
1769 1916 2012 1973 quoium

275 1976 515 2039 alterum
542 1988 616 2037 est
641 1986 783 2052 hoc,
833 2005 948 2057 quo
985 1981 1172 2052 mala,
1179 1978 1368 2043 velut
1429 1990 1661 2043 dolores
1673 1978 2014 2043 reformida-

275 2090 426 2130 mus,
463 2070 718 2127 alterum
730 2069 865 2137 hoc,
905 2088 1018 2140 quo
1046 2062 1478 2145 inhonesti'quid
1501 2074 1688 2128 facere
1714 2068 2014 2144 <feretum-3

276 2155 374 2208 ille
397 2154 471 2206 est
492 2162 699 2216 metus,
739 2154 832 2207 hic
869 2154 1071 2224 pudor.
1145 2154 1339 2230 Pudor
1373 2172 1508 2208 vero
1530 2159 1600 2208 fic
1622 2151 2013 2210 tantummodo

277 2232 335 2294 et
367 2237 601 2293 excitari
634 2245 690 2290 et
712 2238 1044 2310 comparari
1084 2240 1279 2311 potest,
1315 2247 1379 2293 ut
1412 2238 1739 2311 cupiditates
1777 2250 1831 2293 et
1856 2242 2014 2313 quic·
2098 2231 2101 2234 ¹

277 2324 413 2397 quid
458 2323 728 2377 honestati
755 2332 1045 2396 repugnat·
1086 2322 1313 2376 vincere
1356 2324 1719 2378 assuescamus
1732 2344 1750 2392 3
1800 2325 1861 2379 in
1903 2326 2013 2384 hoc

278 2410 452 2483 igitur
471 2416 1103 2479 exerceamuroportet.
1174 2409 1499 2475 Praeterea,
1535 2409 2011 2481 quemadmodum

278 2494 674 2557 confidentiam
703 2492 800 2550 nifi
816 2494 875 2548 in
890 2493 1067 2548 rebus
1087 2492 1457 2549 formidolosis
1471 2495 1855 2568 experiri'non
1877 2499 2013 2571 pos-

278 2583 488 2646 summ,
515 2582 584 2634 fic
612 2579 778 2634 etiam
801 2579 985 2653 pudor
1003 2578 1114 2646 ille,
1141 2580 1243 2652 qni·
1261 2577 1536 2633 inhonesti
1562 2579 1698 2651 quid
1714 2581 1801 2634 <rel
1828 2579 2012 2635 facere

280 2668 377 2721 vel
410 2667 592 2723 dicere
626 2665 989 2733 reformidat,
1027 2664 1236 2727 nifiiiis,
1276 2681 1420 2736 quae
1440 2665 1782 2721 confidentes
1814 2679 1918 2720 nos
1955 2676 2011 2719 ct

281 2762 535 2808 amentes
561 2751 987 2824 quodammodo
1023 2749 1296 2818 efficiunt,
1318 2770 1449 2808 .non
1484 2754 1660 2824 potest
1696 2751 2012 2824 explorari3

283 2840 343 2893 in
384 2837 646 2906 iiaeverO,
681 2856 826 2908 quae
853 2837 1117 2893 audaciae
1138 2848 1206 2892 'et
1227 2831 1540 2892 dementiae
1572 2839 1862 2912 cuiusdam
1889 2834 2011 2891 ani-

282 2943 446 2980 mum
477 2921 941 2997 implent‚>·*nihil⁴
966 2923 1286 2996 reperitur,
1336 2921 1485 2993 quod
1522 2932 1756 2995 propter
1789 2920 2009 2977 facilem

283 3008 755 3081 innocentemque
782 3010 943 3063 nsum
982 3010 1114 3064 huic
1145 3009 1233 3063 rei
1252 3007 1727 3063 accommodatius
1757 3010 1819 3061 sit
1839 3024 2011 3080 quam

288 3092 506 3150 vinum.
531 3136 543 3146 2
582 3093 872 3167 Quocirca
910 3094 1248 3166 compotatio
1272 3094 1394 3150 'rite
1437 3093 1678 3148 instituta
1715 3091 1917 3147 merito
1948 3108 2011 3143 ac

287 3178 412 3230 iure
439 3178 716 3250 optimum
754 3179 1008 3235 habetur.
1032 3181 1100 3235 ad
1141 3177 1507 3253 turpitudinis
1533 3177 1929 3254 verecundiam
1958 3182 2012 3228 et

292 3262 651 3318 excitandam
674 3275 727 3319 et
757 3268 1079 3321 tentandam
1103 3266 1433 3321 remedium.
