2132 3652
707 249 1233 316 LEGEsv,
1738 259 1941 335 507.

98 407 298 457 tutem·
313 391 598 453 maiorum
638 391 906 465 suamque
941 392 1104 468 ipfius
1142 412 1328 468 neque
1362 396 1668 453 fecundum
1706 421 1839 458 cor-

101 480 256 559 poris
288 478 465 546 robur
503 476 564 536 et
583 477 986 543 formositatem
1016 481 1408 554 consequatur,
1442 483 1731 541 sedetiam
1753 490 1839 542 se·-

23 583 30 633 j
99 566 350 625 cundum
376 564 703 622 divitiarum
738 565 1121 639 poffesfionem
1146 575 1201 628 et
1224 577 1618 641 paupertatem
1647 554 1836 635 hono-

94 671 195 714 res
225 660 285 707 et
320 650 671 724 magistratus
708 668 878 723 quam
911 653 1513 726 maxime-aequaliter
1550 675 1582 710 e
1617 657 1834 715 ratione

36 795 41 799 ,
94 736 328 812 quidem
352 734 514 810 inaee¹
524 737 652 804 nali,
690 737 783 792 sed
803 748 1146 812 congruente
1169 738 1318 795 cives
1341 741 1708 812 assequantur
1723 763 1836 800 nec

8 868 12 870 -
92 824 245 880 inter
269 825 326 879 se
354 822 660 878 dissideant.
696 822 844 878 hanc
868 824 941 878 ob
972 825 1193 880 causam
1215 833 1488 896 quattuor
1508 827 1578 881 ad
1601 829 1833 901 magni-

34 924 53 981 ‚³⁷
90 909 353 967 tudinem
395 907 484 963 rei
510 907 799 965 familiaris
839 909 1278 984 census-oportet
1313 911 1584 979 constitui,
1620 916 1837 987 primos

95 1005 155 1051 et
188 995 462 1050 secundos
484 1000 550 1053 set
588 995 784 1050 tertios
822 1005 878 1051 et
919 1006 1177 1068 quartos,
1212 996 1308 1053 vel
1333 996 1455 1053 aliis
1494 998 1834 1071 quibusdam

92 1084 329 1154 fignatos
368 1081 721 1156 nominibus,
768 1083 876 1137 five
908 1091 1145 1136 manent
1171 1082 1234 1138 in
1279 1083 1476 1138 eodem
1512 1085 1683 1140 censu
1722 1087 1867 1148 five'

93 1166 391 1223 divitiores
427 1184 459 1220 e
496 1168 845 1243 pauperibus
880 1176 936 1223 et
967 1188 999 1222 e
1027 1167 1291 1224 divitibus
1313 1186 1594 1244 pauperes
1614 1168 1748 1225 iacti
1769 1169 1840 1232 in

91 1253 322 1309 censum
377 1254 872 1323 transgrediuntur
926 1253 1130 1326 cuique
1178 1253 1626 1329 convenientem.
1683 1254 1836 1311 hanc

88 1358 227 1395 vero
252 1347 546 1411 praeterea
570 1337 830 1408 equidem
862 1339 994 1410 legis
1026 1339 1270 1395 formam
1292 1338 1580 1411 posuerim
1604 1346 1668 1392 ut
1689 1359 1838 1394 con-

85 1425 443 1496 sequentem;
463 1433 706 1495 oportet
727 1424 1063 1481 videlicetin
1091 1424 1254 1488 urbe,
1294 1423 1548 1491 dicimuS,
1588 1424 1831 1480 maximi

36 1508 273 1567 «morbi
303 1509 516 1562 nullam
542 1516 762 1580 partem
786 1510 1068 1577 habitura,
1094 1528 1278 1582 quem
1300 1508 1585 1564 disfidium
1607 1510 1699 1564 vel
1735 1511 1830 1565 se·-

14 1633 23 1638 „
87 1594 362 1669 ditionem
383 1592 585 1646 rectius
612 1593 720 1648 erit
747 1595 1041 1668 appellari,
1067 1613 1252 1667 neque
1276 1603 1670 1667 paupertatem
1694 1613 1833 1666 gra-

87 1697 222 1743 vem
257 1679 423 1734 inesse
471 1678 619 1749 apud
668 1678 886 1751 aliquos
934 1681 1081 1737 cives
1135 1697 1322 1751 neque
1371 1679 1540 1738 etiam
1587 1679 1831 1741 divitias,

16 1812 25 1822 ,
87 1785 262 1841 quum
289 1774 533 1833 utraque
556 1762 779 1836 pariant
801 1765 942 1820 haec
976 1777 1239 1835 utraque.
1276 1782 1429 1816 nune
1461 1780 1601 1819 vero
1631 1765 1838 1820 termi-

84 1871 190 1909 nos
212 1846 438 1922 oportet
458 1847 669 1902 horum
693 1848 991 1926 utriusque
1011 1849 1196 1921 legum
1221 1848 1462 1902 latorem
1486 1849 1834 1911 constituere.

61 1940 196 1993 esto
243 1935 416 2008 igitur
455 1935 800 2006 paupertatis
849 1934 1131 1996 terminus
1179 1933 1337 1989 sortis
1388 1934 1612 2002 census,
1661 1955 1835 2008 quam

0 2013 2 2071 ζ
85 2021 330 2077 stabilem
379 2022 483 2073 esse
520 2028 746 2091 oportet
777 2037 1064 2093 quamque
1095 2020 1286 2090 *nullus
1321 2018 1681 2089 magistratu&
1701 2021 1833 2075 cui-

0 2073 6 2145 t
67 2125 263 2180 quam
310 2104 608 2178 permittet
661 2104 941 2159 minorem
990 2103 1227 2158 reddere
1267 2122 1448 2176 neque
1470 2103 1831 2175 reliquorum

5 2184 382 2265 'aequisquam
426 2188 655 2244 virtutis
688 2188 973 2252 studiosus.
1015 2188 1254 2252 modum
1290 2187 1380 2243 his
1411 2190 1654 2244 statuens
1688 2189 1829 2262 legis

15 2270 227 2332 ·0''lator
260 2274 497 2347 duplum
531 2273 652 2327 eius
681 2275 820 2328 finet
845 2274 1137 2346 acquirere
1177 2284 1234 2328 et
1269 2273 1507 2347 triplum
1545 2266 1728 2346 u'srque
1755 2274 1831 2330 ad

85 2360 495 2434 quadruplum3
544 2360 712 2431 plura
758 2370 951 2414 autem
987 2358 1073 2422 his
1108 2362 1144 2414 fi
1185 2359 1307 2431 quis
1348 2354 1832 2432 poffidetinventa

88 2446 182 2502 vel
214 2446 364 2501 dono
413 2445 676 2519 alicunde
711 2455 948 2518 accepta
978 2446 1071 2499 vel
1107 2447 1335 2519 quaestu
1373 2450 1700 2515 comparata
1735 2443 1828 2498 vel

51 2579 56 2583 1
81 2530 193 2589 alia
211 2518 804 2608 ⁴huiusmodi.fortuna
829 2531 1103 2612 acquifita,
1139 2537 1284 2602 quae
1313 2522 1611 2602 supersunt
1635 2527 1830 2595 omnia

82 2616 210 2671 urbi
241 2616 329 2670 vel
352 2615 461 2670 diis
484 2616 638 2669 urbis
674 2615 954 2670 tutoribus
996 2615 1250 2669 tribuens
1284 2612 1830 2689 laudabilispoena-

87 2718 196 2770 que
220 2699 381 2761 'liber
418 2702 554 2769 eritg,
596 2704 632 2756 fi
659 2702 785 2774 quis
827 2720 965 2756 vero
1003 2721 1118 2756 non
1159 2699 1510 2772 obtemperat
1530 2696 1667 2757 huic
1688 2698 1833 2772 legi,

87 2782 355 2839 indicabit
380 2787 725 2859 quicumque
764 2788 915 2840 volet
956 2804 1021 2839 ea
1056 2784 1384 2840 conditione
1421 2793 1487 2838 ut
1525 2782 1832 2847 dimidium

88 2868 338 2941 accipiat,
375 2878 432 2922 et
472 2884 615 2946 reuss
637 2872 987 2927 tantumdem
1026 2871 1233 2944 pendet
1273 2869 1343 2923 de
1375 2870 1473 2925 sua
1509 2870 1831 2943 possessione

90 2952 386 3008 dimidium
423 2952 700 3008 vero-diis
745 2949 1169 3021 consecrabitur.
1226 2956 1476 3030 possessio
1525 2955 1828 3025 fine„sorte

91 3038 351 3099 omnium
391 3036 570 3091 omnis
604 3036 822 3108 publice
856 3040 1063 3111 scripta
1093 3043 1200 3096 esto
1240 3039 1392 3113 apud
1428 3037 1677 3109 custodes
1702 3054 1830 3092 ma·-

89 3123 365 3195 gissratus‚
401 3121 598 3195 quibus
625 3123 718 3176 lex
743 3122 795 3177 id
816 3126 1191 3188 mandaverit,
1230 3137 1295 3180 ut
1320 3121 1528 3176 iudicia
1553 3122 1621 3176 de
1644 3120 1828 3187 omni-

91 3206 194 3261 bus
217 3208 385 3261 rebus
408 3206 475 3260 ad
505 3206 795 3281 pecuniam
823 3210 1222 3281 pertinentibus
1252 3205 1656 3263 committenda
1675 3203 1824 3261 faci·-

87 3289 165 3348 lia
187 3294 289 3347 fint
315 3303 368 3347 et
391 3292 697 3348 admodum
723 3292 980 3348 dilucida.

1351 3378 1478 3437 V2
