2132 3652
1031 144 1056 164 N

639 233 1283 297 innocent.
1787 241 1893 314 293

159 374 448 458 religendis
474 381 888 438 denominanda
922 382 1040 449 fint,
1077 380 1322 447 audebit,
1360 381 1397 434 fi
1436 380 1630 453 sapiat,
1667 389 1891 436 mutare

158 471 453 545 quiequam
492 485 689 523 eorum
725 485 869 539 quae
900 466 1243 539 Delphicum
1280 466 1373 521 vel
1394 465 1770 540 Dodonaeum
1795 468 1890 519 vel

156 554 453 629 Ammonis
481 554 775 609 oraculum
799 551 1229 628 praescripserit
1254 552 1340 605 vel
1365 560 1588 606 veteres
1611 551 1887 625 quaedam

97 678 101 681 -
156 640 343 696 famae
369 638 743 713 persuaserint
763 637 1289 710 quomodocumque
1307 629 1681 710 persuaserint
1692 637 1888 710 aliqui-

155 729 274 793 bus,
310 726 401 779 vel
426 724 548 779 vifis
578 722 931 795 quibusdam,
968 723 1063 798 vel
1089 720 1279 775 afflatu
1302 722 1400 793 qui
1427 721 1634 779 dicitur
1671 716 1886 791 divino,

58 829 65 840 ·
157 827 300 883 quae
337 827 515 882 quum
556 809 941 879 pei-suafiffent,
979 806 1238 862 sacrificia
1273 825 1405 861 cum
1443 809 1719 880 mysteriis
1746 827 1888 863 con-

155 896 347 950 iuncta
371 897 484 949 five
516 894 629 948 istic
663 893 962 948 vernacula
998 896 1106 947 five
1141 892 1497 965 Tyrrhenica
1531 895 1641 948 five
1674 893 1888 970 Cypria

158 982 270 1035 five
303 977 532 1034 aliunde
571 978 1288 1049 assumptaconstituerunt
1319 979 1596 1047 homine-5,
1634 989 1691 1031 et
1721 977 1886 1031 famis

126 1080 132 1087 '
156 1065 266 1120 inis
290 1066 685 1118 consecrarunt
706 1065 928 1118 oracula
955 1074 1010 1117 et
1036 1065 1327 1119 simulacra
1350 1073 1405 1118 et
1430 1084 1554 1119 aras
1577 1075 1633 1120 et
1654 1066 1885 1136 templa,

158 1167 430 1222 agrosque
478 1150 682 1221 cuique
728 1140 1098 1216 consecratos*
1124 1150 1410 1214 dicarunt;
1460 1151 1664 1208 horum
1712 1150 1885 1222 igitur

158 1235 413 1289 omnium
450 1253 523 1287 ne
558 1236 856 1289 minimum
895 1233 1123 1305 quidem
1154 1234 1291 1307 legis
1322 1237 1488 1291 latori
1514 1236 1884 1302 movendum,

156 1321 249 1374 sed
289 1320 542 1393 partibus
576 1320 792 1391 fingulis
843 1320 978 1373 deus
1019 1320 1114 1374 vel
1153 1320 1351 1391 genius
1390 1321 1483 1375 vel
1514 1321 1680 1375 etiam
1714 1320 1884 1374 heros

155 1406 539 1459 attribuendus
561 1407 649 1467 est,
689 1415 746 1459 et
765 1406 826 1459 in
849 1413 1032 1459 terrae
1057 1404 1448 1458 distributione
1467 1404 1663 1477 primis
1688 1403 1886 1458 eximii

156 1490 272 1560 agri
304 1490 603 1562 omniaque
638 1489 1022 1544 convenientia
1051 1490 1372 1559 assignanda
1408 1491 1564 1560 sunt,
1599 1500 1664 1545 ut
1693 1499 1885 1544 coetus

157 1577 494 1648 singularum
545 1576 793 1650 partium
850 1575 1200 1648 temporibus
1249 1574 1515 1630 celebrati
1559 1575 1768 1632 statutis
1808 1574 1883 1629 ad

154 1663 283 1715 usus
301 1678 548 1732 quosque
570 1660 891 1714 facilitatem
916 1679 985 1733 pr
986 1659 1222 1715 aebeant
1245 1661 1507 1733 civesque
1530 1659 1710 1715 amice
1729 1659 1884 1713 inter

154 1749 212 1799 se
246 1745 536 1817 accipiant,
572 1745 631 1798 in
668 1745 1104 1799 familiaritatem
1144 1754 1408 1799 mutuam
1443 1746 1681 1800 veniant
1713 1746 1884 1818 seque

157 1833 687 1902 cognoscant3na1n
738 1829 916 1881 maius
954 1829 1079 1881 urbi
1122 1830 1346 1883 nullum
1377 1831 1450 1882 est
1474 1817 1693 1886 bonum
1708 1848 1880 1902 quam

156 1919 194 1970 fi
220 1915 365 1969 cives
404 1915 554 1968 inter
592 1916 646 1967 se
670 1914 790 1967 noti
815 1916 971 1980 sunt3
1009 1914 1106 1967 ubi
1131 1914 1283 1968 enim
1306 1933 1421 1968 non
1443 1914 1504 1968 in
1533 1924 1734 1969 mutua
1757 1915 1882 1969 luce

156 2000 370 2053 civium
422 2017 610 2053 mores
643 1999 898 2061 collocati
930 2002 1090 2066 sunt,
1138 1999 1233 2053 sed
1271 2000 1331 2054 in
1367 2001 1648 2067 tenebris,
1695 2017 1883 2074 neque

156 2088 431 2142 honorem
461 2085 694 2155 dignum
721 2102 906 2156 neque
931 2086 1217 2157 potestates
1245 2103 1431 2156 neque
1462 2085 1721 2140 iustitiam
1744 2080 1894 2153 mnf-⁷
1939 2090 1946 2108 ”

158 2189 339 2243 quam-
363 2170 560 2243 aliquis
598 2169 1023 2224 convenientem
1056 2179 1210 2223 recte
1242 2164 1625 2243 consequetur.
1661 2178 1885 2243 oportet

68 2329 70 2332 v
157 2258 331 2330 igitur
349 2273 628 2328 quemque
641 2255 888 2309 maxime
905 2255 1015 2310 1100
1028 2255 1367 2310 contendere
1388 2257 1449 2311 in
1467 2255 1729 2311 omnibus
1752 2254 1881 2322 civi-

157 2342 384 2408 tatibus,
407 2353 472 2395 ut
499 2358 680 2411 neque
704 2341 816 2413 ipse
835 2359 1103 2413 umquam
1128 2341 1297 2408 alicui
1316 2339 1666 2397 adulterinus
1687 2339 1884 2394 videa-

120 2422 129 2427 ’
157 2437 268 2493 tur,
305 2427 398 2480 sed
426 2428 656 2499 simplex
680 2444 955 2499 verusque
985 2428 1225 2502 semper,
1260 2446 1444 2503 neque
1468 2426 1609 2482 alius
1632 2425 1730 2498 qui
1757 2422 1909 2479 talis·
1972 2459 1981 2469 ‚

158 2513 222 2567 fit
251 2511 438 2586 ipsum
467 2512 722 2586 decipiat.

300 2599 420 2654 Iam
469 2616 613 2669 quae
655 2596 907 2668 sequitur
943 2598 1129 2670 legum
1173 2600 1685 2656 constituendarum
1726 2596 1880 2664 latio,

160 2692 446 2753 tamquam
473 2682 816 2738 catculorum
835 2685 1014 2739 motio
1036 2705 1067 2738 a
1091 2685 1240 2740 linea
1264 2687 1432 2752 sacra,
1468 2704 1642 2760 quum
1660 2681 1883 2741 insolita

164 2765 230 2819 fit.
262 2765 489 2833 forsitan
531 2767 716 2840 primo
758 2768 1003 2824 audienti
1036 2770 1464 2826 admirationem
1502 2765 1740 2836 iniiciat3
1776 2785 1882 2821 ve-

165 2859 483 2903 rumtamen
501 2869 626 2907 rem
645 2855 834 2909 secum
866 2854 1151 2926 reputanti
1173 2865 1230 2910 et
1254 2856 1565 2930 experienti
1597 2853 1880 2909 videbitur

169 2931 405 2986 secundo
438 2933 562 2987 loco
600 2936 792 2992 civitas
832 2940 1096 2994 constitui
1124 2941 1340 2996 ratione
1372 2942 1615 3016 optimi3
1649 2939 1882 2993 forsitan

168 3027 356 3071 autem
384 3015 676 3087 quisquam
714 3039 835 3075 eam
871 3043 986 3077 11011
1018 3025 1269 3099 accipian
1308 3027 1441 3099 quia
1472 3045 1587 3080 non
1623 3023 1880 3078 adsuetus

170 3106 229 3157 lit
255 3099 383 3170 legis
406 3099 565 3153 latori
590 3104 941 3172 tyrannidem
969 3126 1113 3163 non
1118 3110 1421 3165 exercenti.
1458 3122 1515 3163 at
1537 3128 1670 3163 vero
1690 3106 1881 3161 rectis-

170 3189 367 3241 sunnin
403 3184 491 3245 est,
533 3185 815 3241 civitatem
852 3191 1121 3262 optimam
1162 3206 1214 3249 et
1253 3196 1541 3250 fecundam
1576 3204 1630 3248 et
1656 3190 1881 3247 tertiam

170 3286 487 3344 proponere
521 3278 574 3321 et
610 3287 782 3338 quum
823 3278 1173 3345 proposueris
1212 3280 1494 3353 optionem
1531 3280 1666 3335 dare
1683 3277 1884 3347 cuique

169 3355 490 3426 potestatem
508 3352 854 3409 contubernii
883 3356 1125 3418 habenti.
1164 3363 1433 3433 faciamus
1467 3365 1657 3421 autem
1684 3367 1885 3418 secun-
