2124 3672
768 183 1143 244 REGI-:S
1218 185 1260 238 Ι.
1811 181 1877 239 51.

293 332 376 390 CI.
417 332 582 408 Quae
606 330 870 404 utrisque,
911 330 1170 403 equidem
1198 329 1403 383 censeo·

290 447 432 502 Ath.
487 447 749 502 Dicamus
805 445 976 519 igitur
1020 446 1261 499 iterum}
1327 441 1568 516 instituta
1607 439 1791 515 qualia
1821 443 1882 498 in

154 531 410 606 utrisque
437 532 629 588 vestris
653 531 968 587 civitatibus
990 528 1372 603 reperiuntur,
1409 537 1553 601 quae
1578 530 1790 600 gustare
1814 529 1887 581 fi-

151 627 294 673 nant
322 618 635 690 voluptates
671 636 778 672 nec
799 636 888 672 eas
911 614 1147 689 fugiant,
1172 615 1644 687 quemadmodum
1664 615 1885 673 dolores

151 722 269 758 non
297 703 534 776 fugiunt,
549 704 636 758 sed
659 703 720 757 in
734 701 947 757 medios
971 701 1220 757 ducentia
1241 715 1448 774 cogunt
1473 712 1527 757 et
1548 699 1888 776 persuadent

150 789 468 855 honoribus
506 800 572 843 ut
612 808 700 843 eos
729 787 985 842 homines
1019 788 1320 860 superent?
1357 787 1586 843 ubinam
1608 786 1888 841 hocidem

158 877 230 930 est
267 876 489 930 ratione
523 876 876 947 voluptatum
908 873 1267 927 constitutum
1296 873 1352 925 in
1378 872 1632 944 legibus?
1667 872 1890 941 dicatur

122 955 281 1035 “quid
308 962 371 1016 fit
409 962 516 1016 hoc
538 960 683 1033 quod
709 960 852 1033 apud
879 978 980 1013 vos
997 976 1172 1028 aeque
1193 958 1456 1012 adversus
1485 957 1703 1012 dolores
1727 969 1784 1013 et
1797 956 1894 1012 ad-

153 1066 349 1101 versus
392 1048 709 1119 voluptates
752 1043 974 1098 eosdem
1009 1043 1208 1098 reddat
1235 1042 1407 1096 fortes
1438 1052 1492 1096 et
1516 1043 1802 1098 vincentes
1822 1062 1888 1097 ea

152 1147 297 1206 quae
334 1132 485 1186 vinci
512 1140 761 1205 oportet,
795 1147 903 1199 ,nec
930 1129 1046 1184 ullo
1078 1129 1244 1183 modo
1268 1128 1693 1186 succumbentes
1715 1130 1888 1186 hosti-

150 1216 488 1287 buscuique
509 1214 784 1288 proximis
813 1224 868 1269 et
894 1214 1239 1287 gravissimis.

168 1396 170 1398 ,
292 1332 403 1388 Me.
454 1330 537 1384 Ita
572 1339 793 1393 tamen,
832 1351 865 1384 o
900 1331 1126 1402 hospes,
1164 1331 1637 1403 quemadmodum
1672 1331 1888 1386 dolori-

151 1417 253 1471 bus
284 1415 556 1470 habebam
591 1417 734 1487 leges
762 1418 1035 1489 oppositas
1062 1417 1267 1470 multas
1292 1416 1494 1487 dicere,
1530 1415 1889 1478 forfitannon

153 1500 317 1563 facile
355 1503 549 1575 possim
583 1522 811 1574 magnas
844 1513 899 1556 et
934 1504 1256 1574 conspicuas
1290 1503 1361 1556 de
1386 1503 1773 1576 voluptatibus
1797 1502 1890 1558 af-

153 1587 325 1650 ferre·
371 1589 645 1642 minutim
648 1607 703 1642 es
731 1606 866 1641 νθιο
894 1586 981 1640 for
984 1589 1116 1639 fitan
1141 1586 1303 1642 facile
1324 1589 1632 1660 potuerim.

302 1704 389 1759 Cl.
426 1703 541 1760 Nec
575 1722 707 1757 vero
747 1703 863 1775 ipse
901 1702 1158 1773 equidem
1191 1701 1251 1755 in
1288 1703 1499 1785 legibus
1524 1703 1754 1759 Creticis
1778 1703 1888 1757 hoe

153 1810 330 1863 aeque
351 1790 632 1864 potuerim
659 1787 947 1846 manifesto
972 1788 1299 1850 ostendere.

294 1906 424 1958 ΑιΙι.
465 1906 514 1954 Ο
552 1902 794 1973 hospites
823 1900 1037 1973 optimi,
1074 1919 1254 1971 neque
1272 1902 1326 1956 1d
1354 1903 1596 1968 mirum;
1639 1915 1697 1958 at
1719 1904 1888 1977 liquis

157 1980 408 2044 nostrum
448 1988 764 2042 domesticas
790 1987 1063 2057 cuiusque
1086 1986 1236 2056 leges
1262 1987 1565 2061 vituperet,
1602 2000 1666 2043 ut
1687 2009 1892 2044 verum

156 2085 211 2127 et
238 2074 515 2147 optimum
539 2070 850 2146 perspiciat,
892 2091 1002 2124 non
1031 2071 1248 2138 acerbe,
1288 2073 1377 2126 sed
1401 2072 1597 2128 leniter
1620 2075 1769 2129 inter
1787 2093 1892 2129 nos

144 2160 510 2240 accipiamus,

304 2253 389 2327 CI.
441 2272 637 2337 Recte,
678 2290 710 2323 ο
737 2270 931 2344 hospes
954 2271 1299 2326 Athenienfis
1312 2312 1332 2337 ,
1375 2270 1555 2327 dixisti
1585 2283 1642 2326 et
1668 2273 1892 2328 obtem-

152 2358 484 2432 perandum.

296 2472 433 2528 Aah.
473 2470 666 2541 Neque
697 2471 869 2540 enim,
907 2490 941 2523 o
968 2470 1172 2533 Clinia,
1201 2473 1354 2526 viros
1383 2482 1566 2528 aetate
1591 2484 1890 2546 provectos

153 2559 205 2613 id
237 2560 475 2613 deceret.

303 2686 390 2741 cl.
436 2686 672 2742 Minime
698 2677 850 2744 vero,
929 2727 934 2730 -

301 2813 428 2869 Ath.
477 2815 700 2870 Utrumv
720 2833 857 2869 vero
898 2825 1049 2870 recte
1089 2818 1212 2889 quis
1238 2836 1309 2870 an
1335 2818 1490 2873 secus
1513 2819 1891 2876 Lacedaemo-

158 2899 311 2957 niam
343 2911 397 2956 et
419 2901 700 2957 Creticam
725 2891 1011 2955 civitatem
1036 2902 1428 2975 reprehendat,
1454 2904 1561 2957 alia
1593 2905 1698 2959 erit
1718 2924 1892 2977 quae-

159 2983 287 3050 sti03
338 3003 402 3040 ea
447 2996 598 3041 certe
630 3005 772 3058 quae
809 3006 843 3041 a
891 2986 1177 3061 plerisque
1221 2990 1485 3043 dicuntur
1516 2991 1746 3044 sorfitan
1787 3000 1903 3063 ego·

161 3067 555 3141 magis'posfim
586 3091 752 3144 quam
796 3091 901 3125 vos
929 3071 1154 3142 utrique
1189 3072 1386 3127 dicere.
1464 3093 1563 3128 vos
1583 3076 1735 3129 enim
1761 3095 1893 3130 om-

160 3153 313 3206 nium
343 3154 520 3223 legum
561 3174 701 3224 quae
727 3166 875 3211 recte
907 3156 1112 3229 politae
1139 3159 1268 3211 sunt
1293 3177 1465 3212 unam
1492 3160 1639 3214 hanc
1675 3161 1892 3215 habetis

162 3238 601 3311 pulcherrimam
646 3259 788 3310 quae
826 3242 1119 3296 iuvenibus
1155 3263 1269 3296 non
1303 3245 1576 3312 permittit
1615 3264 1888 3317 quaerere

160 3341 435 3394 quaenam
466 3344 533 3378 ex
557 3322 631 3378 eis
655 3324 885 3397 pulchre
911 3336 964 3380 et
989 3346 1128 3398 quae
1145 3349 1256 3383 non
1284 3330 1523 3404 pulchre
1546 3333 1600 3383 se
1624 3331 1885 3396 habeant,
