2072 3652
721 134 1104 193 LEGES
1175 138 1271 195 vi.
1759 136 1865 209 575

137 277 433 351 castiganto
463 278 654 350 legum
702 278 949 334 custodes
985 287 1051 334 ut
1082 277 1436 351 insipientem
1469 288 1527 332 et
1562 279 1750 351 legum
1786 277 1858 332 ad

4 376 68 443 ᾗ
133 364 321 421 Musas
346 364 636 436 sponsales
660 364 1028 437 spectantium
1066 363 1284 436 rudem.
1331 364 1526 418 bibere
1553 374 1744 419 autem
1786 362 1859 417 ad
1896 428 1902 433 ἢ

4 444 57 493 ’ἒ
137 447 453 503 ebrietatem
476 467 658 522 neque
684 467 920 544 usquam
941 450 1072 507 alibi
1096 430 1273 518 decet,
1308 459 1708 524 praeterquam
1735 447 1857 501 die-

11 490 61 605 ΣΞ
133 531 241 589 bue
273 530 419 587 festis
457 533 546 588 dei
584 535 682 605 qui
720 534 922 591 vinum
961 535 1143 604 dedit,
1194 554 1374 608 neque
1401 544 1626 602 tutum,
1674 550 1858 604 neque

0 612 48 697 '53‘
81 611 101 656 ‘-
131 618 262 678 sane
278 617 499 692 nuptias
520 618 780 674 tractanti
798 621 946 684 licet,
982 622 1044 676 in
1070 621 1274 693 quibus
1295 620 1543 674 maxime
1563 619 1859 672 suaemen-

0 684 54 778 {37⁵
130 703 201 759 tis
222 708 324 759 esse
348 704 550 760 debent
570 706 760 781 sponsa
776 717 831 762 et
852 709 1081 781 sponsus
1103 706 1472 761 mutationem
1493 703 1644 760 haud
1666 704 1857 758 levem

0 766 35 853 l?
130 787 286 842 vitae
308 785 593 859 facientes,
630 793 904 866 fimulque
926 793 987 848 id
1013 802 1270 851 curantes
1310 800 1375 845 ut
1406 790 1554 863 quod
1588 807 1858 863 procrea-

0 874 46 938 ἢ
129 882 223 928 tur
274 891 346 934 ex
390 874 713 932 hominibus
761 880 985 953 semper
1033 887 1332 952 generetur
1381 894 1552 949 quam
1604 872 1861 928 maxime

127 962 332 1018 mentis
363 962 747 1037 compotibus;
793 964 916 1022 fere
941 965 1095 1028 enim
1122 965 1399 1018 incertum
1429 963 1501 1021 est
1536 959 1712 1032 qualis
1735 975 1856 1011 nox

126 1048 226 1102 vel
260 1048 378 1104 dies
416 1049 473 1108 id
509 1068 638 1110 cum
678 1049 782 1105 deo
819 1050 1158 1122 generatura
1193 1050 1269 1109 fit.
1306 1056 1596 1122 praeterea
1631 1052 1855 1118 oportet

38 1156 48 1169 ·
125 1153 245 1187 non
296 1135 626 1208 corporibus
672 1135 944 1192 ebrietate
980 1134 1253 1193 dissolutis
1294 1134 1501 1192 liberos
1541 1129 1856 1206 procreari,

123 1219 219 1276 fed
259 1218 532 1288 solidum,
580 1220 770 1276 stabile
813 1221 1184 1294 quietumque
1223 1219 1490 1274 convenit
1525 1214 1758 1271 conflari
1792 1212 1856 1266 id

0 1300 34 1372 ᾖ
124 1305 273 1375 quod
290 1306 710 1395 procreandum
739 1309 842 1376 est;
882 1308 1014 1362 vino
1041 1317 1230 1361 autem
1252 1305 1498 1377 repletus
1513 1313 1570 1358 et
1591 1302 1706 1374 ipse
1729 1299 1854 1374 fer-

0 1410 39 1435 s*
123 1398 219 1444 tur
257 1375 679 1463 quoquoversus
723 1401 780 1445 et
822 1392 966 1461 fert,
1020 1392 1216 1446 furens
1255 1399 1371 1444 tam
1412 1405 1648 1462 corpore
1684 1403 1859 1458 quam

120 1474 350 1540 animo;
397 1472 470 1531 ad
504 1478 807 1534 serendum
854 1478 1027 1548 igitur
1067 1474 1280 1531 inutilis
1312 1476 1387 1529 est
1422 1473 1606 1529 ebrius
1644 1470 1856 1544 quippe

3 1609 5 1615 ι
120 1560 394 1629 titubans,
431 1572 496 1615 ut
525 1561 844 1635 inaequalia
883 1572 939 1617 et
968 1561 1266 1621 mutabilia
1300 1579 1406 1615 nec
1438 1560 1509 1615 ad
1535 1576 1720 1615 mores
1747 1574 1857 1613 nec

0 1635 8 1717 ἷ-
118 1646 189 1703 ad
219 1644 478 1700 animum
513 1658 668 1702 recta
702 1646 994 1720 probabile
1031 1648 1095 1700 fit
1138 1666 1270 1700 eum
1307 1645 1551 1722 gignere.
1601 1641 1860 1716 quocirca

0 1728 1 1733 ’
118 1749 466 1803 magnopere
492 1739 674 1784 totum
710 1749 815 1803 per
840 1749 1056 1785 annum
1095 1749 1161 1784 ac
1195 1731 1390 1798 vitam,
1427 1731 1680 1791 maxime
1716 1747 1857 1781 vero
1907 1745 1909 1750 ’

120 1816 391 1889 quamdiu
434 1825 692 1887 procreat
726 1833 1009 1886 quemque
1043 1823 1265 1885 oportet
1299 1835 1502 1871 cavere
1535 1835 1639 1872 nec
1672 1814 1862 1868 facere

119 1901 418 1973 quicquam
457 1900 603 1953 ultro
651 1901 805 1974 quod
842 1900 1107 1956 morbum
1145 1899 1346 1955 afferat
1392 1920 1497 1954 nec
1535 1899 1685 1973 quod
1723 1917 1857 1956 cum

125 1987 435 2061 petulantia
462 1995 519 2037 et
542 1982 750 2038 iniuria
776 1984 1141 2037 coniunctum
1166 1988 1258 2047 fit;
1295 1986 1418 2040 fieri
1441 1986 1592 2041 enim
1620 2003 1734 2042 non
1754 2002 1854 2054 po·-

118 2073 218 2127 test
238 2071 372 2142 quin
394 2072 453 2125 in
475 2088 674 2126 eorum
702 2069 797 2139 qui
821 2080 1192 2144 procreantur
1213 2071 1412 2125 animis
1440 2081 1495 2123 et
1520 2069 1853 2142 corporibus

114 2157 507 2232 insculpantur
536 2154 630 2209 illa
662 2163 832 2225 atque
864 2155 1292 2228 exprimantur,
1331 2167 1388 2210 et
1420 2156 1653 2213 omnino
1694 2154 1855 2207 dete-

115 2242 270 2297 riora
291 2248 695 2314 procreentur3
732 2239 1063 2312 praesertim
1088 2259 1222 2295 vero
1251 2241 1346 2296 illo
1374 2241 1465 2296 die
1501 2252 1556 2295 et
1592 2249 1755 2296 nocte
1779 2239 1850 2294 ab
1878 2237 1886 2250 ”

117 2327 204 2383 his
233 2326 660 2393 abstinendum3
699 2325 1039 2398 principium
1067 2327 1216 2380 enim
1250 2336 1307 2381 et
1326 2327 1461 2383 deus
1495 2326 1557 2380 in
1597 2325 1853 2388 homini-

116 2411 222 2464 bus
259 2410 512 2466 collocati
544 2412 771 2468 servant
803 2411 1008 2478 omnia,
1046 2412 1321 2467 honorem
1355 2415 1391 2466 fi
1422 2409 1847 2468 convenientem

115 2517 149 2551 a
186 2514 409 2567 quoque
450 2497 733 2550 utentium
785 2498 1205 2553 nanciscuntur.
1290 2499 1621 2553 Existimare
1659 2504 1852 2550 autem

118 2592 344 2655 oportet
370 2600 501 2635 eum
532 2583 627 2654 qui
653 2602 896 2637 uxorem
921 2583 1087 2638 ducat
1125 2584 1356 2638 alteram
1380 2583 1678 2639 domorum
1703 2579 1854 2633 sorte

119 2667 377 2728 datarum
416 2669 568 2738 quasl
605 2669 898 2740 pullorum
933 2672 1037 2723 effe
1067 2670 1510 2740 procreationem
1549 2678 1605 2720 et
1642 2665 1851 2720 educa-

112 2752 360 2818 tionem,
386 2762 440 2807 et
460 2755 773 2826 separatum
799 2774 832 2808 a
856 2763 1015 2827 patre
1039 2763 1095 2808 et
1110 2763 1289 2809 matre
1311 2753 1388 2808 ibi
1414 2753 1637 2826 nuptias
1659 2751 1849 2807 facere

119 2847 178 2891 et
210 2836 459 2891 habitare
499 2840 665 2909 seque
704 2850 760 2893 et
793 2840 1000 2894 liberos
1032 2841 1209 2908 alere3
1245 2841 1306 2894 in
1340 2838 1592 2894 amicitiis
1624 2838 1773 2891 enim
1809 2839 1848 2890 fi

119 2922 448 2976 desiderium
474 2922 628 2992 inest,
665 2925 1014 2999 conglutinat
1038 2936 1093 2981 et
1116 2926 1395 2985 connectit
1420 2943 1611 2978 omnes
1638 2939 1851 2996 moresg

123 3007 315 3060 satiata
341 3026 475 3059 vero
502 3012 839 3065 consuetudo
873 3031 973 3065 nec
998 3011 1329 3066 desiderium
1355 3012 1532 3064 ullum
1558 3028 1658 3081 per
1680 3007 1849 3063 inter·

124 3088 273 3147 valla
288 3091 498 3145 habens
521 3093 693 3148 nimia
722 3096 972 3150 satietate
999 3097 1166 3153 efficit
1188 3106 1251 3151 ut
1279 3097 1420 3149 alter
1444 3095 1514 3147 ab
1543 3095 1716 3148 altero
1743 3094 1851 3147 dis-

120 3177 420 3248 iungatur3
456 3180 821 3250 quamobrem
851 3184 1018 3236 matri
1050 3194 1102 3238 et
1129 3179 1272 3254 patri
1305 3189 1357 3231 et
1385 3180 1578 3234 uxoris
1605 3179 1853 3251 cognatis

122 3261 322 3315 domus
363 3273 588 3336 oportet
618 3264 862 3340 relinqui
900 3274 955 3321 et
982 3269 1138 3323 velut
1173 3267 1232 3322 in
1269 3264 1541 3320 coloniam
1578 3264 1855 3339 profectos
