2176 3672
771 188 819 244 L
854 183 997 243 E'G
1034 184 1083 240 E
1119 182 1161 241 S
1230 183 1320 240 111.
1803 175 1904 242 555

177 331 408 403 obtinet,
442 339 744 406 propterea
769 326 920 403 quod
941 325 1292 402 principatus
1317 324 1392 379 eis
1414 344 1448 380 a
1472 336 1631 399 patre
1654 337 1710 382 et
1726 337 1908 383 matre

176 419 418 491 contigit,
457 435 597 490 quos
619 419 914 489 sequentes
940 412 1133 468 avium
1154 411 1321 467 instar
1340 429 1568 485 gregem
1591 430 1774 467 unum
1794 414 1907 468 effi·

175 505 341 565 cient,
371 512 606 576 paterna
625 500 1030 572 gubernatione
1054 496 1307 554 fruentes
1328 514 1676 571 regnumque
1691 496 1910 553 haben-

178 600 259 644 tes
284 586 540 643 omnium
560 586 919 641 iustiffimum.

318 672 402 728 Cl.
440 673 588 730 Sane
617 672 861 744 quidem.

315 758 457 825 Ath,
502 759 723 814 Deinde
761 777 896 814 vero
929 759 1122 832 plures
1157 754 1476 830 congregati
1510 756 1573 812 in
1610 771 1914 810 commune

177 843 419 900 maiores
441 845 686 901 reddunt
704 843 977 914 civitates,
1000 854 1055 898 et
1075 843 1143 900 ad
1160 843 1560 915 agriculturam
1586 840 1837 914 primum
1850 839 1914 895 in

176 930 321 1001 iugis
346 930 626 985 montium
649 933 705 984 se
729 939 1089 996 convertunt,
1100 931 1364 1003 septaque
1390 945 1421 979 e
1445 925 1727 998 lapidibus
1752 945 1914 980 com-

179 1018 352 1088 posita
381 1018 673 1088 quaedam,
711 1017 866 1070 muri
890 1016 1269 1081 munimenta,
1305 1023 1540 1086 propter
1559 1010 1916 1078 feraSJconfi-

181 1102 370 1170 ciunt,
421 1121 596 1158 unam
632 1102 880 1168 domum,
911 1118 1270 1156 communem
1313 1107 1373 1154 et
1419 1115 1687 1169 magnam
1730 1096 1916 1153 absol-

182 1196 391 1244 ventes.

330 1275 418 1329 Cl.
455 1275 906 1329 Consentaneum
940 1292 1075 1329 vero
1100 1273 1209 1327 hoc
1238 1271 1316 1327 ita
1339 1270 1480 1327 fieri.

318 1358 453 1417 Ath.
494 1360 650 1432 Quid
675 1380 813 1416 vero
841 1362 949 1415 hoc
967 1361 994 1413 ‘2
1030 1379 1105 1414 an
1125 1377 1240 1413 non
1267 1358 1739 1413 consentaneum?

322 1444 407 1500 Cl.
449 1445 739 1516 Quidnam
757 1446 786 1497 ‘4’

321 1531 452 1587 Ath.
491 1531 879 1585 Habitationes
909 1531 1018 1586 hae
1056 1531 1194 1585 dum
1229 1528 1368 1583 adeo
1397 1528 1645 1583 crescant
1670 1541 1736 1586 ut
1760 1549 1792 1585 e
1814 1532 1918 1586 mi·
2010 1567 2023 1581 ,

179 1616 412 1672 noribus
449 1615 764 1689 primisque
797 1617 1038 1672 maiores
1074 1616 1252 1681 fiant,
1289 1631 1575 1686 quamque
1604 1633 1918 1686 parvarum

181 1702 358 1757 adess'e
400 1702 713 1755 secundum
750 1719 928 1772 genus
958 1702 1262 1756 habentem
1294 1700 1712 1755 moderatorem
1737 1713 1921 1758 aetate

181 1786 436 1841 maxime
474 1796 807 1857 provectum
846 1788 1085 1857 suosque
1122 1787 1396 1855 quosdam
1439 1785 1699 1858 proprios
1731 1807 1921 1843 mores

182 1880 422 1944 propter
453 1873 762 1943 separatam
790 1888 824 1924 a
847 1871 1078 1942 reliquis
1096 1888 1264 1940 quam
1289 1871 1450 1942 degat
1470 1871 1663 1940 vitam,
1689 1873 1824 1928 alios
1850 1876 1922 1930 ab

185 1957 308 2012 aliis
332 1956 566 2010 traditos
587 1957 932 2027 genitoribus
961 1966 1011 2010 et
1030 1954 1455 2022 educatoribus,
1494 1955 1695 2026 quibus
1721 1961 1924 2014 assueti

188 2044 296 2096 sint
335 2053 392 2095 et
427 2042 497 2095 ad
535 2041 668 2097 deos
707 2054 764 2096 et
799 2043 869 2096 ad
910 2044 1083 2096 semet
1113 2041 1292 2114 ipsos,
1329 2043 1923 2121 atemperantioribus

186 2127 653 2200 temperantiores
693 2140 750 2183 et
782 2149 815 2182 a
852 2127 1090 2182 fortibus
1124 2127 1417 2194 fortiores;
1467 2136 1551 2194 et,
1601 2136 1668 2180 ut
1702 2147 1808 2201 par
1831 2132 1922 2199 est,

187 2233 443 2286 quosque
467 2214 547 2266 ita
573 2213 818 2267 instituta
845 2213 1025 2267 suain
1052 2214 1194 2267 natis
1218 2211 1608 2284 imprimentes
1630 2223 1923 2270 natorum-

187 2317 299 2370 que
321 2298 484 2363 natis,
523 2299 669 2368 quod
698 2299 951 2365 dicimuS‚
987 2298 1182 2351 venire
1206 2297 1449 2370 propriis
1473 2297 1768 2354 instructos
1793 2316 1923 2355 mo-

187 2383 341 2438 ribus
362 2378 433 2436 in‘
448 2383 728 2437 maiorem
750 2381 1233 2438 communitatem.

337 2469 421 2527 Cl.
459 2467 718 2542 Quidni?

328 2554 468 2610 Ath.
507 2557 625 2610 Iam
648 2573 784 2609 vero
822 2556 951 2609 suae
980 2555 1179 2627 cuique
1206 2555 1353 2629 leges
1379 2555 1691 2630 probentur
1713 2564 1926 2617 necess'e

193 2642 284 2710 est,
320 2641 671 2713 reliquorum
691 2640 910 2713 legibus
936 2641 1273 2715 posthabitis.

337 2726 420 2783 CI.
456 2729 557 2783 Ita.

335 2812 477 2868 Aah,
512 2812 866 2885 Principium
905 2810 1079 2884 igitur
1103 2814 1295 2886 legum
1322 2814 1548 2870 lationis
1575 2815 1736 2872 inscii
1761 2819 1927 2889 quasi,

201 2908 264 2951 ut
291 2895 531 2959 videtur,
565 2896 786 2969 ingressi
808 2900 1016 2952 sumus.

345 2980 428 3034 Cl.
467 2980 612 3035 Sane
635 2983 881 3053 quidem.

344 3063 474 3123 Aah.
511 3064 781 3139 Deinceps
807 3065 1018 3126 neceffe
1045 3075 1117 3127 est
1149 3092 1238 3128 eos
1266 3072 1365 3144 qui
1389 3071 1749 3128 convenerint
1770 3090 1930 3127 com-

209 3168 405 3204 munes
430 3150 697 3219 quosdam
724 3153 924 3224 eligere
942 3158 1038 3227 qui
1054 3159 1465 3229 omniumleges
1494 3157 1929 3231 perspectasha-

209 3235 396 3288 bentes
440 3252 529 3287 eas
572 3253 714 3305 quae
768 3240 1010 3295 maxime
1048 3243 1143 3298 fibi
1175 3243 1490 3317 probentur
1526 3244 1584 3299 in
1629 3261 1928 3300 commune
