2176 3672
760 175 1292 236 Lssosssu.
1830 176 1901 256 Q

177 325 327 400 quod
344 322 469 379 fieri
510 320 689 395 potuit
715 331 779 378 ut
803 320 888 376 his
935 321 1005 375 de
1032 319 1200 375 rebus
1219 320 1365 390 leges
1394 318 1665 376 darentur
1692 325 1905 384 stabiles

176 420 236 470 et
254 407 493 464 fidenter
519 417 719 463 cantus
741 406 1256 482 praescriberentur
1275 414 1478 461 natura
1502 424 1704 462 verum
1734 419 1791 463 et
1809 429 1907 465 re-

178 504 338 555 ctum
365 492 717 549 exhibentes.
730 491 862 546 hoc
887 509 1027 546 vero
1054 490 1144 545 dei
1167 490 1253 544 vel
1283 489 1463 546 divini
1478 490 1776 547 cuiusdam
1798 494 1909 551 viri

172 561 378 651 sterit,
415 576 894 651 quemadmodum
919 576 1036 632 illic
1058 575 1422 650 perhibentur
1437 568 1631 631 cantus
1647 585 1763 634 tam
1780 578 1912 635 lon-

177 682 317 738 gum
348 682 454 738 per
476 674 698 736 tempus
730 661 1035 719 conservati
1058 661 1204 717 Ifidis
1230 661 1491 735 ροὲὲωαῐε
1503 659 1690 718 fuiffe.
1764 681 1912 738 quo-

181 750 344 818 circa,
368 750 426 805 id
450 748 601 822 quod
626 749 765 818 dixi,
788 749 827 802 fi
853 747 976 821 quis
996 756 1209 802 rectam
1237 765 1438 803 eorum
1462 747 1739 805 rationem
1764 770 1913 826 quo-

179 851 423 906 cumque
451 834 620 889 modo
644 853 842 909 capere
864 833 1042 906 ponit,
1057 831 1296 888 fidenter
1317 850 1447 887 enm
1472 843 1730 906 oporteat
1747 835 1810 892 in
1821 837 1913 893 le-

180 937 308 993 gem
330 938 396 974 ea
420 919 704 974 includere
734 927 901 991 atque
919 916 1208 984 ordinem3
1236 935 1367 970 nam
1394 916 1702 991 voluptatis
1726 932 1781 977 et
1806 921 1912 976 do—

181 1003 319 1060 loris
350 1003 619 1077 appetitio
648 1023 854 1058 novam
896 1005 1115 1073 semper
1154 1003 1414 1056 musicam
1451 1018 1726 1072 quaerens
1758 1006 1913 1062 hand

184 1089 262 1146 ita
287 1108 548 1161 magnam
565 1090 678 1144 vim
702 1088 868 1143 habet
890 1089 960 1143 ad
976 1087 1237 1141 choream
1262 1084 1477 1157 legibus
1507 1086 1771 1144 sancitam
1787 1110 1915 1147 cor-

186 1175 565 1248 rumpendam
581 1214 597 1241 ,
648 1171 996 1243 antiquitatis
1038 1190 1161 1225 eam
1200 1171 1558 1232 insimulansz
1607 1174 1756 1245 apud
1788 1177 1914 1235 illos

186 1270 336 1315 certe
367 1259 522 1314 nullo
547 1255 717 1311 modo
743 1275 867 1311 eam
884 1254 1110 1311 videtur
1133 1274 1499 1330 corrumpere
1526 1257 1781 1332 potuisse,
1818 1262 1911 1319 sed

183 1345 352 1418 plane
385 1352 593 1398 contra.

329 1470 410 1527 01.
448 1468 686 1527 Videtur
720 1488 808 1524 res
844 1471 914 1526 fic
936 1470 991 1524 se
1017 1469 1226 1525 habere
1248 1489 1320 1526 ex
1346 1468 1422 1526 eis
1450 1487 1595 1545 quae
1617 1489 1773 1527 nunc
1797 1493 1831 1530 a
1854 1483 1911 1530 te

184 1556 334 1614 dicta
355 1558 499 1613 sunt.
523 1570 530 1575 ·

332 1685 461 1742 Ath.
508 1683 717 1740 Iccirco
758 1682 1107 1738 confidenter
1132 1683 1366 1739 dicimus
1402 1685 1635 1738 muficae
1671 1695 1726 1740 et
1761 1687 1910 1745 lusus
1956 1728 1957 1731 =

186 1770 346 1826 usum
378 1771 482 1824 hac
534 1769 655 1824 fere
704 1771 914 1823 ratione
956 1780 1171 1824 rectum
1210 1773 1342 1824 effez
1391 1768 1697 1841 gaudemus
1735 1793 1910 1846 quum

186 1857 331 1909 bene
357 1857 647 1911 nobiscum
673 1855 755 1926 agi
784 1854 1139 1922 arbitramur,
1160 1865 1213 1908 et
1236 1872 1411 1925 quum
1434 1855 1756 1926 gaudemuS,
1769 1859 1914 1917 bene

188 1940 418 1996 vicissim
442 1940 733 1998 nobiscum
761 1939 846 2010 agi
881 1939 1258 2007 arbitramur3
1295 1956 1480 1993 nonne
1502 1938 1620 1996 ita?

330 2066 413 2125 ΟΖ.
452 2070 533 2124 Ita
558 2068 705 2122 sane.

324 2193 463 2254 Ath.
507 2195 676 2267 Atqui
702 2173 1000 2267 gaudentes
1023 2203 1142 2250 tum
1167 2194 1449 2267 quiescere
1470 2213 1590 2250 non
1613 2200 1910 2267 postumus.

330 2320 419 2377 Gt.
455 2320 602 2379 Sunt
622 2322 732 2377 ista.

328 2452 466 2509 Aa».
499 2451 704 2507 Nonne
723 2449 894 2523 igitur
918 2448 1154 2505 iuvenes
1177 2467 1248 2504 ex
1282 2448 1440 2504 nobis
1471 2449 1572 2522 ipfi
1607 2449 1678 2504 ad
1705 2449 1917 2506 saltan-

188 2537 329 2594 dum
358 2536 542 2610 parati
562 2537 710 2603 sunt,
744 2536 987 2591 seniores
1013 2553 1149 2591 vero
1177 2553 1280 2590 nos
1303 2534 1427 2590 illos
1449 2536 1751 2608 spectantes
1761 2536 1913 2592 haud

189 2621 516 2678 indecorum
539 2626 646 2678 effe
668 2629 929 2696 putamus
945 2620 1170 2676 illorum
1195 2619 1332 2675 ludo
1367 2630 1424 2675 et
1460 2618 1785 2688 celebritate
1817 2623 1917 2678 de-

190 2707 387 2763 lectari
400 2748 422 2774 ,
458 2706 917 2781 quandoquidem
946 2705 1142 2761 levitas
1184 2705 1431 2780 corporis
1455 2723 1607 2760 nuno
1626 2726 1728 2762 nos
1753 2709 1917 2765 desti..

196 2792 331 2858 tuit,
366 2810 537 2864 quam
574 2791 934 2847 desiderantes
956 2800 1013 2845 et
1033 2791 1431 2865 amplectentes
1457 2792 1764 2848 certamina
1786 2813 1913 2867 pro·

197 2876 454 2949 ponimus
491 2878 567 2931 eis
593 2879 688 2949 qui
722 2878 792 2932 ad
823 2877 1129 2932 iuventutis
1159 2897 1263 2932 nos
1285 2877 1620 2934 memoriam
1643 2891 1698 2934 et
1724 2898 1914 2935 recor-

199 2958 475 3015 dationem
500 2979 669 3034 quam
692 2961 935 3018 maxime
958 2965 1156 3038 possint
1182 2962 1422 3017 excitare
1437 2961 1465 3015 ’Β
1547 2972 1563 2991 “

344 3085 429 3143 Cl.
464 3087 764 3143 Veriffime.

341 3211 472 3272 ΑιΙι.
509 3213 660 3268 Num
685 3215 851 3287 igitur
882 3220 1165 3273 censemus
1191 3219 1356 3292 plane
1384 3217 1580 3272 frustra
1617 3235 1740 3272 eam
1770 3237 1912 3292 quae

202 3316 348 3353 nunc
385 3297 616 3352 habetur
649 3300 955 3357 orationem
990 3303 1048 3358 in
1085 3304 1408 3361 hominibus
1438 3304 1552 3360 dics
1587 3304 1746 3360 festos
1767 3306 1911 3359 cele-
