<?xml version="1.0" encoding="UTF-8"?>
<!DOCTYPE html PUBLIC "-//W3C//DTD XHTML 1.0 Transitional//EN"
    "http://www.w3.org/TR/xhtml1/DTD/xhtml1-transitional.dtd">
<html xmlns="http://www.w3.org/1999/xhtml" xml:lang="en" lang="en">
 <head>
  <title>
</title>
<meta http-equiv="Content-Type" content="text/html;charset=utf-8" />
  <meta name='ocr-system' content='tesseract 3.04.00' />
  <meta name='ocr-capabilities' content='ocr_page ocr_carea ocr_par ocr_line ocrx_word'/>
</head>
<body>
  <div class='ocr_page' id='page_1' title='image "./quaeexstantopera06plat_0035.png"; bbox 0 0 2124 3672; ppageno 0'>
   <div class='ocr_carea' id='block_1_1' title="bbox 731 162 1844 230">
    <p class='ocr_par' dir='ltr' id='par_1_1' title="bbox 731 162 1844 230">
     <span class='ocr_line' id='line_1_1' title="bbox 731 162 1844 230; baseline 0.001 -10"><span class='ocrx_word' id='word_1_1' title='bbox 731 162 1112 230; x_wconf 64' lang='lat' dir='ltr'>LEGES</span> <span class='ocrx_word' id='word_1_2' title='bbox 1187 163 1229 223; x_wconf 81' lang='lat' dir='ltr'>L</span> <span class='ocrx_word' id='word_1_3' title='bbox 1743 179 1844 228; x_wconf 55' lang='lat'><strong>47</strong></span> 
     </span>
    </p>
   </div>
   <div class='ocr_carea' id='block_1_2' title="bbox 109 303 1851 1133">
    <p class='ocr_par' dir='ltr' id='par_1_2' title="bbox 109 303 1848 1133">
     <span class='ocr_line' id='line_1_2' title="bbox 112 303 1842 388; baseline -0.004 -20"><span class='ocrx_word' id='word_1_4' title='bbox 112 310 320 388; x_wconf 79' lang='lat' dir='ltr'><strong>partim</strong></span> <span class='ocrx_word' id='word_1_5' title='bbox 346 310 407 365; x_wconf 88' lang='lat' dir='ltr'><strong>in</strong></span> <span class='ocrx_word' id='word_1_6' title='bbox 438 306 752 382; x_wconf 89' lang='lat' dir='ltr'><strong>prudentia,</strong></span> <span class='ocrx_word' id='word_1_7' title='bbox 776 306 983 379; x_wconf 86' lang='lat' dir='ltr'><strong>partim</strong></span> <span class='ocrx_word' id='word_1_8' title='bbox 1017 306 1075 359; x_wconf 91' lang='lat' dir='ltr'><strong>in</strong></span> <span class='ocrx_word' id='word_1_9' title='bbox 1108 323 1237 359; x_wconf 85' lang='lat' dir='ltr'><strong>vera</strong></span> <span class='ocrx_word' id='word_1_10' title='bbox 1261 303 1526 377; x_wconf 83' lang='lat' dir='ltr'><strong>opinione</strong></span> <span class='ocrx_word' id='word_1_11' title='bbox 1547 307 1842 375; x_wconf 69' lang='lat' dir='ltr'><strong>versantes,</strong></span> 
     </span>
     <span class='ocr_line' id='line_1_3' title="bbox 114 390 1846 463; baseline -0.003 -11"><span class='ocrx_word' id='word_1_12' title='bbox 114 407 182 460; x_wconf 77' lang='lat' dir='ltr'><strong>ut</strong></span> <span class='ocrx_word' id='word_1_13' title='bbox 192 395 381 452; x_wconf 86' lang='lat' dir='ltr'><strong>omnia</strong></span> <span class='ocrx_word' id='word_1_14' title='bbox 396 395 535 449; x_wconf 89' lang='lat' dir='ltr'><strong>haec</strong></span> <span class='ocrx_word' id='word_1_15' title='bbox 548 402 881 448; x_wconf 80' lang='lat' dir='ltr'><strong>connectens</strong></span> <span class='ocrx_word' id='word_1_16' title='bbox 894 393 1037 446; x_wconf 87' lang='lat' dir='ltr'><strong>ratio</strong></span> <span class='ocrx_word' id='word_1_17' title='bbox 1054 390 1483 463; x_wconf 82' lang='lat' dir='ltr'><strong>temperantiam</strong></span> <span class='ocrx_word' id='word_1_18' title='bbox 1498 400 1556 444; x_wconf 89' lang='lat' dir='ltr'><strong>et</strong></span> <span class='ocrx_word' id='word_1_19' title='bbox 1569 390 1846 459; x_wconf 86' lang='lat' dir='ltr'><strong>iustitiam,</strong></span> 
     </span>
     <span class='ocr_line' id='line_1_4' title="bbox 113 475 1846 548; baseline -0.004 -10"><span class='ocrx_word' id='word_1_20' title='bbox 113 500 231 538; x_wconf 83' lang='lat' dir='ltr'><strong>non</strong></span> <span class='ocrx_word' id='word_1_21' title='bbox 265 481 489 537; x_wconf 82' lang='lat' dir='ltr'><strong>divitias</strong></span> <span class='ocrx_word' id='word_1_22' title='bbox 521 498 624 534; x_wconf 88' lang='lat' dir='ltr'><strong>neo</strong></span> <span class='ocrx_word' id='word_1_23' title='bbox 662 477 1024 532; x_wconf 78' lang='lat' dir='ltr'><strong>ambitionem</strong></span> <span class='ocrx_word' id='word_1_24' title='bbox 1060 477 1347 548; x_wconf 84' lang='lat' dir='ltr'><strong>sequentia</strong></span> <span class='ocrx_word' id='word_1_25' title='bbox 1384 475 1600 531; x_wconf 87' lang='lat' dir='ltr'><strong>efficiat.</strong></span> <span class='ocrx_word' id='word_1_26' title='bbox 1675 476 1775 544; x_wconf 77' lang='lat' dir='ltr'><strong>ita,</strong></span> <span class='ocrx_word' id='word_1_27' title='bbox 1811 496 1846 531; x_wconf 90' lang='lat' dir='ltr'><strong>o</strong></span> 
     </span>
     <span class='ocr_line' id='line_1_5' title="bbox 114 562 1848 640; baseline -0.003 -19"><span class='ocrx_word' id='word_1_28' title='bbox 114 566 333 640; x_wconf 83' lang='lat' dir='ltr'><strong>hospes,</strong></span> <span class='ocrx_word' id='word_1_29' title='bbox 372 566 633 638; x_wconf 86' lang='lat' dir='ltr'><strong>equidem</strong></span> <span class='ocrx_word' id='word_1_30' title='bbox 661 565 950 618; x_wconf 83' lang='lat' dir='ltr'><strong>voluiffem</strong></span> <span class='ocrx_word' id='word_1_31' title='bbox 977 572 1033 616; x_wconf 85' lang='lat' dir='ltr'><strong>et</strong></span> <span class='ocrx_word' id='word_1_32' title='bbox 1056 582 1206 617; x_wconf 89' lang='lat' dir='ltr'><strong>nunc</strong></span> <span class='ocrx_word' id='word_1_33' title='bbox 1225 564 1410 617; x_wconf 88' lang='lat' dir='ltr'><strong>adhuc</strong></span> <span class='ocrx_word' id='word_1_34' title='bbox 1438 562 1609 618; x_wconf 84' lang='lat' dir='ltr'><strong>velim</strong></span> <span class='ocrx_word' id='word_1_35' title='bbox 1645 580 1771 616; x_wconf 87' lang='lat' dir='ltr'><strong>rem</strong></span> <span class='ocrx_word' id='word_1_36' title='bbox 1811 581 1848 615; x_wconf 82' lang='lat' dir='ltr'><strong>a</strong></span> 
     </span>
     <span class='ocr_line' id='line_1_6' title="bbox 113 647 1851 723; baseline -0.002 -18"><span class='ocrx_word' id='word_1_37' title='bbox 113 651 272 709; x_wconf 78' lang='lat' dir='ltr'><strong>vobis</strong></span> <span class='ocrx_word' id='word_1_38' title='bbox 297 653 618 723; x_wconf 73' lang='lat' dir='ltr'><strong>expolitam,</strong></span> <span class='ocrx_word' id='word_1_39' title='bbox 634 649 954 721; x_wconf 88' lang='lat' dir='ltr'><strong>quomodo</strong></span> <span class='ocrx_word' id='word_1_40' title='bbox 939 668 997 702; x_wconf 87' lang='lat' dir='ltr'><strong>ln</strong></span> <span class='ocrx_word' id='word_1_41' title='bbox 1021 649 1162 703; x_wconf 84' lang='lat' dir='ltr'><strong>Iovis</strong></span> <span class='ocrx_word' id='word_1_42' title='bbox 1184 668 1327 720; x_wconf 92' lang='lat' dir='ltr'><strong>quae</strong></span> <span class='ocrx_word' id='word_1_43' title='bbox 1338 649 1603 702; x_wconf 73' lang='lat' dir='ltr'><strong>dicuntui</strong></span> <span class='ocrx_word' id='word_1_44' title='bbox 1615 656 1672 701; x_wconf 87' lang='lat' dir='ltr'><strong>et</strong></span> <span class='ocrx_word' id='word_1_45' title='bbox 1682 647 1851 721; x_wconf 88' lang='lat' dir='ltr'><strong>Apol·</strong></span> 
     </span>
     <span class='ocr_line' id='line_1_7' title="bbox 114 734 1846 810; baseline -0.001 -18"><span class='ocrx_word' id='word_1_46' title='bbox 114 737 240 792; x_wconf 77' lang='lat' dir='ltr'><strong>linis</strong></span> <span class='ocrx_word' id='word_1_47' title='bbox 279 737 467 810; x_wconf 82' lang='lat' dir='ltr'><strong>Pythii</strong></span> <span class='ocrx_word' id='word_1_48' title='bbox 491 738 732 809; x_wconf 86' lang='lat' dir='ltr'><strong>legibus,</strong></span> <span class='ocrx_word' id='word_1_49' title='bbox 773 754 912 807; x_wconf 83' lang='lat' dir='ltr'><strong>quas</strong></span> <span class='ocrx_word' id='word_1_50' title='bbox 932 734 1115 789; x_wconf 86' lang='lat' dir='ltr'><strong>Minos</strong></span> <span class='ocrx_word' id='word_1_51' title='bbox 1143 745 1199 788; x_wconf 87' lang='lat' dir='ltr'><strong>et</strong></span> <span class='ocrx_word' id='word_1_52' title='bbox 1227 735 1516 807; x_wconf 85' lang='lat' dir='ltr'><strong>Lycurgus</strong></span> <span class='ocrx_word' id='word_1_53' title='bbox 1545 735 1846 804; x_wconf 86' lang='lat' dir='ltr'><strong>dederunt,</strong></span> 
     </span>
     <span class='ocr_line' id='line_1_8' title="bbox 111 821 1848 893; baseline -0.001 -17"><span class='ocrx_word' id='word_1_54' title='bbox 111 823 274 878; x_wconf 74' lang='lat' dir='ltr'><strong>insint</strong></span> <span class='ocrx_word' id='word_1_55' title='bbox 310 823 446 878; x_wconf 84' lang='lat' dir='ltr'><strong>haec</strong></span> <span class='ocrx_word' id='word_1_56' title='bbox 482 823 671 878; x_wconf 89' lang='lat' dir='ltr'><strong>omnia</strong></span> <span class='ocrx_word' id='word_1_57' title='bbox 701 833 757 876; x_wconf 90' lang='lat' dir='ltr'><strong>et</strong></span> <span class='ocrx_word' id='word_1_58' title='bbox 790 839 904 892; x_wconf 89' lang='lat' dir='ltr'><strong>quo</strong></span> <span class='ocrx_word' id='word_1_59' title='bbox 931 831 1095 893; x_wconf 91' lang='lat' dir='ltr'><strong>pacto</strong></span> <span class='ocrx_word' id='word_1_60' title='bbox 1122 821 1377 875; x_wconf 86' lang='lat' dir='ltr'><strong>ordinem</strong></span> <span class='ocrx_word' id='word_1_61' title='bbox 1404 822 1688 891; x_wconf 86' lang='lat' dir='ltr'><strong>quendam</strong></span> <span class='ocrx_word' id='word_1_62' title='bbox 1707 840 1848 876; x_wconf 90' lang='lat' dir='ltr'><strong>con·-</strong></span> 
     </span>
     <span class='ocr_line' id='line_1_9' title="bbox 110 905 1846 982; baseline 0 -22"><span class='ocrx_word' id='word_1_63' title='bbox 110 908 375 979; x_wconf 82' lang='lat' dir='ltr'><strong>sequutae</strong></span> <span class='ocrx_word' id='word_1_64' title='bbox 397 909 501 962; x_wconf 83' lang='lat' dir='ltr'><strong>sint</strong></span> <span class='ocrx_word' id='word_1_65' title='bbox 522 909 887 982; x_wconf 84' lang='lat' dir='ltr'><strong>perspicuum</strong></span> <span class='ocrx_word' id='word_1_66' title='bbox 911 905 961 958; x_wconf 89' lang='lat' dir='ltr'><strong>ei</strong></span> <span class='ocrx_word' id='word_1_67' title='bbox 990 906 1085 977; x_wconf 89' lang='lat' dir='ltr'><strong>qui</strong></span> <span class='ocrx_word' id='word_1_68' title='bbox 1108 906 1293 975; x_wconf 87' lang='lat' dir='ltr'><strong>legum</strong></span> <span class='ocrx_word' id='word_1_69' title='bbox 1320 906 1580 977; x_wconf 77' lang='lat' dir='ltr'><strong>peritiam</strong></span> <span class='ocrx_word' id='word_1_70' title='bbox 1608 909 1846 979; x_wconf 81' lang='lat' dir='ltr'><strong>adeptus</strong></span> 
     </span>
     <span class='ocr_line' id='line_1_10' title="bbox 109 991 1844 1063; baseline 0.001 -17"><span class='ocrx_word' id='word_1_71' title='bbox 109 992 290 1047; x_wconf 82' lang='lat' dir='ltr'><strong>fuerit</strong></span> <span class='ocrx_word' id='word_1_72' title='bbox 327 1003 447 1047; x_wconf 88' lang='lat' dir='ltr'><strong>arte</strong></span> <span class='ocrx_word' id='word_1_73' title='bbox 490 995 578 1047; x_wconf 89' lang='lat' dir='ltr'><strong>vel</strong></span> <span class='ocrx_word' id='word_1_74' title='bbox 622 995 725 1047; x_wconf 87' lang='lat' dir='ltr'><strong>usu</strong></span> <span class='ocrx_word' id='word_1_75' title='bbox 761 992 1034 1063; x_wconf 85' lang='lat' dir='ltr'><strong>quodam,</strong></span> <span class='ocrx_word' id='word_1_76' title='bbox 1073 991 1303 1063; x_wconf 80' lang='lat' dir='ltr'><strong>reliquia</strong></span> <span class='ocrx_word' id='word_1_77' title='bbox 1333 1010 1470 1045; x_wconf 84' lang='lat' dir='ltr'><strong>vero</strong></span> <span class='ocrx_word' id='word_1_78' title='bbox 1500 992 1659 1046; x_wconf 88' lang='lat' dir='ltr'><strong>nobis</strong></span> <span class='ocrx_word' id='word_1_79' title='bbox 1687 993 1844 1047; x_wconf 89' lang='lat' dir='ltr'><strong>nullo</strong></span> 
     </span>
     <span class='ocr_line' id='line_1_11' title="bbox 110 1078 675 1133; baseline -0.005 -1"><span class='ocrx_word' id='word_1_80' title='bbox 110 1078 276 1132; x_wconf 88' lang='lat' dir='ltr'><strong>modo</strong></span> <span class='ocrx_word' id='word_1_81' title='bbox 305 1078 675 1133; x_wconf 70' lang='lat' dir='ltr'><strong>manifestum.</strong></span> 
     </span>
    </p>
   </div>
   <div class='ocr_carea' id='block_1_3' title="bbox 254 1189 1874 1267">
    <p class='ocr_par' dir='ltr' id='par_1_3' title="bbox 254 1189 1874 1267">
     <span class='ocr_line' id='line_1_12' title="bbox 254 1189 1874 1267; baseline 0.001 -22"><span class='ocrx_word' id='word_1_82' title='bbox 254 1192 338 1246; x_wconf 85' lang='lat' dir='ltr'><strong>Cl.</strong></span> <span class='ocrx_word' id='word_1_83' title='bbox 377 1192 675 1265; x_wconf 87' lang='lat' dir='ltr'><strong>Quomodo</strong></span> <span class='ocrx_word' id='word_1_84' title='bbox 702 1190 887 1262; x_wconf 87' lang='lat' dir='ltr'><strong>igitur,</strong></span> <span class='ocrx_word' id='word_1_85' title='bbox 917 1210 948 1243; x_wconf 94' lang='lat' dir='ltr'><strong>o</strong></span> <span class='ocrx_word' id='word_1_86' title='bbox 975 1189 1188 1262; x_wconf 73' lang='lat' dir='ltr'><strong>hospeS,</strong></span> <span class='ocrx_word' id='word_1_87' title='bbox 1214 1189 1320 1245; x_wconf 86' lang='lat' dir='ltr'><strong>dici</strong></span> <span class='ocrx_word' id='word_1_88' title='bbox 1350 1201 1571 1265; x_wconf 86' lang='lat' dir='ltr'><strong>oportet</strong></span> <span class='ocrx_word' id='word_1_89' title='bbox 1598 1192 1846 1247; x_wconf 72' lang='lat' dir='ltr'><strong>deinde?</strong></span> <span class='ocrx_word' id='word_1_90' title='bbox 1872 1265 1874 1267; x_wconf 12' lang='lat' dir='ltr'>v</span> 
     </span>
    </p>
   </div>
   <div class='ocr_carea' id='block_1_4' title="bbox 107 1303 1844 1744">
    <p class='ocr_par' dir='ltr' id='par_1_4' title="bbox 107 1303 1844 1723">
     <span class='ocr_line' id='line_1_13' title="bbox 249 1303 1844 1378; baseline 0.001 -19"><span class='ocrx_word' id='word_1_91' title='bbox 249 1306 390 1359; x_wconf 79' lang='lat' dir='ltr'><strong>Ath.</strong></span> <span class='ocrx_word' id='word_1_92' title='bbox 428 1304 515 1360; x_wconf 92' lang='lat' dir='ltr'><strong>Ab</strong></span> <span class='ocrx_word' id='word_1_93' title='bbox 549 1303 711 1359; x_wconf 86' lang='lat' dir='ltr'><strong>initio</strong></span> <span class='ocrx_word' id='word_1_94' title='bbox 749 1306 943 1358; x_wconf 84' lang='lat' dir='ltr'><strong>rursus</strong></span> <span class='ocrx_word' id='word_1_95' title='bbox 990 1304 1131 1359; x_wconf 86' lang='lat' dir='ltr'><strong>mihi</strong></span> <span class='ocrx_word' id='word_1_96' title='bbox 1167 1305 1398 1359; x_wconf 86' lang='lat' dir='ltr'><strong>videtur</strong></span> <span class='ocrx_word' id='word_1_97' title='bbox 1441 1307 1844 1378; x_wconf 77' lang='lat' dir='ltr'><strong>exponendum</strong></span> 
     </span>
     <span class='ocr_line' id='line_1_14' title="bbox 109 1391 1843 1463; baseline 0.001 -19"><span class='ocrx_word' id='word_1_98' title='bbox 109 1393 230 1455; x_wconf 82' lang='lat' dir='ltr'><strong>ess&#39;e,</strong></span> <span class='ocrx_word' id='word_1_99' title='bbox 258 1391 779 1462; x_wconf 85' lang='lat' dir='ltr'><strong>quemadmodum</strong></span> <span class='ocrx_word' id='word_1_100' title='bbox 763 1391 1093 1462; x_wconf 66' lang='lat' dir='ltr'><strong>incepimus»,</strong></span> <span class='ocrx_word' id='word_1_101' title='bbox 1119 1391 1371 1463; x_wconf 83' lang='lat' dir='ltr'><strong>piimum</strong></span> <span class='ocrx_word' id='word_1_102' title='bbox 1401 1392 1470 1445; x_wconf 87' lang='lat' dir='ltr'><strong>de</strong></span> <span class='ocrx_word' id='word_1_103' title='bbox 1493 1391 1843 1446; x_wconf 82' lang='lat' dir='ltr'><strong>fortitudinis</strong></span> 
     </span>
     <span class='ocr_line' id='line_1_15' title="bbox 108 1473 1843 1552; baseline 0.003 -24"><span class='ocrx_word' id='word_1_104' title='bbox 108 1473 326 1542; x_wconf 82' lang='lat' dir='ltr'><strong>studiis;</strong></span> <span class='ocrx_word' id='word_1_105' title='bbox 375 1476 576 1529; x_wconf 86' lang='lat' dir='ltr'><strong>deinde</strong></span> <span class='ocrx_word' id='word_1_106' title='bbox 615 1476 784 1530; x_wconf 86' lang='lat' dir='ltr'><strong>aliam</strong></span> <span class='ocrx_word' id='word_1_107' title='bbox 823 1480 1124 1550; x_wconf 86' lang='lat' dir='ltr'><strong>rursusque</strong></span> <span class='ocrx_word' id='word_1_108' title='bbox 1159 1477 1325 1531; x_wconf 83' lang='lat' dir='ltr'><strong>aliam</strong></span> <span class='ocrx_word' id='word_1_109' title='bbox 1358 1478 1582 1532; x_wconf 82' lang='lat' dir='ltr'><strong>virtutis</strong></span> <span class='ocrx_word' id='word_1_110' title='bbox 1607 1478 1843 1552; x_wconf 84' lang='lat' dir='ltr'><strong>speciem</strong></span> 
     </span>
     <span class='ocr_line' id='line_1_16' title="bbox 107 1561 1844 1637; baseline 0.002 -24"><span class='ocrx_word' id='word_1_111' title='bbox 107 1561 538 1635; x_wconf 83' lang='lat' dir='ltr'><strong>persequemur,</strong></span> <span class='ocrx_word' id='word_1_112' title='bbox 587 1563 622 1614; x_wconf 77' lang='lat' dir='ltr'><strong>si</strong></span> <span class='ocrx_word' id='word_1_113' title='bbox 657 1564 979 1631; x_wconf 73' lang='lat' dir='ltr'><strong>volueriti33</strong></span> <span class='ocrx_word' id='word_1_114' title='bbox 1032 1564 1511 1635; x_wconf 87' lang='lat' dir='ltr'><strong>quemadmodum</strong></span> <span class='ocrx_word' id='word_1_115' title='bbox 1549 1582 1687 1618; x_wconf 86' lang='lat' dir='ltr'><strong>vero</strong></span> <span class='ocrx_word' id='word_1_116' title='bbox 1720 1564 1844 1637; x_wconf 75' lang='lat' dir='ltr'><strong>pii-</strong></span> 
     </span>
     <span class='ocr_line' id='line_1_17' title="bbox 107 1647 1844 1744; baseline 0.002 -46"><span class='ocrx_word' id='word_1_117' title='bbox 107 1664 263 1699; x_wconf 89' lang='lat' dir='ltr'><strong>mum</strong></span> <span class='ocrx_word' id='word_1_118' title='bbox 289 1647 709 1720; x_wconf 83' lang='lat' dir='ltr'><strong>explicavimus,</strong></span> <span class='ocrx_word' id='word_1_119' title='bbox 730 1650 803 1703; x_wconf 81' lang='lat' dir='ltr'><strong>ita</strong></span> <span class='ocrx_word' id='word_1_120' title='bbox 831 1651 937 1704; x_wconf 90' lang='lat' dir='ltr'><strong>hoc</strong></span> <span class='ocrx_word' id='word_1_121' title='bbox 961 1651 1287 1723; x_wconf 79' lang='lat' dir='ltr'><strong>exemplum</strong></span> <span class='ocrx_word' id='word_1_122' title='bbox 1315 1659 1585 1744; x_wconf 86' lang='lat' dir='ltr'><strong>ponentes</strong></span> <span class='ocrx_word' id='word_1_123' title='bbox 1608 1649 1844 1702; x_wconf 87' lang='lat' dir='ltr'><strong>conabi—</strong></span> 
     </span>
    </p>
   </div>
   <div class='ocr_carea' id='block_1_5' title="bbox 7 1732 1842 1810">
    <p class='ocr_par' dir='ltr' id='par_1_5' title="bbox 7 1732 1842 1810">
     <span class='ocr_line' id='line_1_18' title="bbox 7 1732 1842 1810; baseline 0.003 -27"><span class='ocrx_word' id='word_1_124' title='bbox 7 1791 12 1796; x_wconf 46' lang='grc'><strong>,</strong></span> <span class='ocrx_word' id='word_1_125' title='bbox 107 1749 240 1784; x_wconf 89' lang='lat' dir='ltr'><strong>mur</strong></span> <span class='ocrx_word' id='word_1_126' title='bbox 286 1732 353 1785; x_wconf 91' lang='lat' dir='ltr'><strong>de</strong></span> <span class='ocrx_word' id='word_1_127' title='bbox 403 1733 629 1805; x_wconf 81' lang='lat' dir='ltr'><strong>reliquis</strong></span> <span class='ocrx_word' id='word_1_128' title='bbox 670 1755 895 1808; x_wconf 88' lang='lat' dir='ltr'><strong>quoque</strong></span> <span class='ocrx_word' id='word_1_129' title='bbox 942 1754 1225 1810; x_wconf 84' lang='lat' dir='ltr'><strong>exponere</strong></span> <span class='ocrx_word' id='word_1_130' title='bbox 1276 1735 1431 1787; x_wconf 86' lang='lat' dir='ltr'><strong>viam</strong></span> <span class='ocrx_word' id='word_1_131' title='bbox 1471 1753 1730 1788; x_wconf 85' lang='lat' dir='ltr'><strong>sermone</strong></span> <span class='ocrx_word' id='word_1_132' title='bbox 1759 1736 1842 1787; x_wconf 87' lang='lat' dir='ltr'><strong>le—</strong></span> 
     </span>
    </p>
   </div>
   <div class='ocr_carea' id='block_1_6' title="bbox 109 1821 1844 1978">
    <p class='ocr_par' dir='ltr' id='par_1_6' title="bbox 109 1821 1844 1978">
     <span class='ocr_line' id='line_1_19' title="bbox 109 1821 1844 1893; baseline 0.002 -25"><span class='ocrx_word' id='word_1_133' title='bbox 109 1826 330 1883; x_wconf 86' lang='lat' dir='ltr'><strong>vantes;</strong></span> <span class='ocrx_word' id='word_1_134' title='bbox 368 1821 484 1889; x_wconf 86' lang='lat' dir='ltr'><strong>post</strong></span> <span class='ocrx_word' id='word_1_135' title='bbox 511 1822 581 1874; x_wconf 85' lang='lat' dir='ltr'><strong>de</strong></span> <span class='ocrx_word' id='word_1_136' title='bbox 603 1824 862 1875; x_wconf 86' lang='lat' dir='ltr'><strong>universa</strong></span> <span class='ocrx_word' id='word_1_137' title='bbox 893 1823 1103 1876; x_wconf 85' lang='lat' dir='ltr'><strong>virtute</strong></span> <span class='ocrx_word' id='word_1_138' title='bbox 1129 1831 1216 1886; x_wconf 89' lang='lat' dir='ltr'><strong>et,</strong></span> <span class='ocrx_word' id='word_1_139' title='bbox 1257 1840 1399 1890; x_wconf 90' lang='lat' dir='ltr'><strong>quae</strong></span> <span class='ocrx_word' id='word_1_140' title='bbox 1428 1821 1594 1891; x_wconf 88' lang='lat' dir='ltr'><strong>supra</strong></span> <span class='ocrx_word' id='word_1_141' title='bbox 1623 1839 1844 1893; x_wconf 85' lang='lat' dir='ltr'><strong>propo-</strong></span> 
     </span>
     <span class='ocr_line' id='line_1_20' title="bbox 110 1898 1840 1978; baseline 0.004 -27"><span class='ocrx_word' id='word_1_142' title='bbox 110 1898 323 1955; x_wconf 82' lang='lat' dir='ltr'><strong>suimus</strong></span> <span class='ocrx_word' id='word_1_143' title='bbox 340 1944 355 1969; x_wconf 89' lang='lat'>‚</span> <span class='ocrx_word' id='word_1_144' title='bbox 395 1921 459 1956; x_wconf 91' lang='lat' dir='ltr'><strong>ea</strong></span> <span class='ocrx_word' id='word_1_145' title='bbox 487 1904 632 1957; x_wconf 89' lang='lat' dir='ltr'><strong>hanc</strong></span> <span class='ocrx_word' id='word_1_146' title='bbox 659 1907 905 1978; x_wconf 87' lang='lat' dir='ltr'><strong>spectare</strong></span> <span class='ocrx_word' id='word_1_147' title='bbox 930 1908 1307 1972; x_wconf 74' lang='lat' dir='ltr'><strong>ostendemUS,</strong></span> <span class='ocrx_word' id='word_1_148' title='bbox 1347 1906 1385 1958; x_wconf 78' lang='lat' dir='ltr'><strong>si</strong></span> <span class='ocrx_word' id='word_1_149' title='bbox 1412 1907 1545 1959; x_wconf 88' lang='lat' dir='ltr'><strong>deus</strong></span> <span class='ocrx_word' id='word_1_150' title='bbox 1573 1907 1840 1959; x_wconf 87' lang='lat' dir='ltr'><strong>voluerit.</strong></span> 
     </span>
    </p>
   </div>
   <div class='ocr_carea' id='block_1_7' title="bbox 112 1999 1842 2144">
    <p class='ocr_par' dir='ltr' id='par_1_7' title="bbox 112 1999 1842 2144">
     <span class='ocr_line' id='line_1_21' title="bbox 253 1999 1842 2076; baseline 0.001 -21"><span class='ocrx_word' id='word_1_151' title='bbox 253 1999 363 2055; x_wconf 86' lang='lat' dir='ltr'><strong>Me.</strong></span> <span class='ocrx_word' id='word_1_152' title='bbox 404 2002 694 2056; x_wconf 86' lang='lat' dir='ltr'><strong>Praeclare</strong></span> <span class='ocrx_word' id='word_1_153' title='bbox 725 2004 876 2057; x_wconf 79' lang='lat' dir='ltr'><strong>dicis,</strong></span> <span class='ocrx_word' id='word_1_154' title='bbox 951 2005 1061 2060; x_wconf 90' lang='lat' dir='ltr'><strong>iam</strong></span> <span class='ocrx_word' id='word_1_155' title='bbox 1085 2023 1290 2059; x_wconf 87' lang='lat' dir='ltr'><strong>conare</strong></span> <span class='ocrx_word' id='word_1_156' title='bbox 1318 2005 1570 2076; x_wconf 87' lang='lat' dir='ltr'><strong>primum</strong></span> <span class='ocrx_word' id='word_1_157' title='bbox 1599 2004 1667 2056; x_wconf 92' lang='lat' dir='ltr'><strong>de</strong></span> <span class='ocrx_word' id='word_1_158' title='bbox 1698 2004 1842 2057; x_wconf 90' lang='lat' dir='ltr'><strong>hoc-</strong></span> 
     </span>
     <span class='ocr_line' id='line_1_22' title="bbox 112 2084 1134 2144; baseline 0.004 -7"><span class='ocrx_word' id='word_1_159' title='bbox 112 2104 175 2137; x_wconf 83' lang='lat' dir='ltr'><strong>ce</strong></span> <span class='ocrx_word' id='word_1_160' title='bbox 204 2084 364 2137; x_wconf 83' lang='lat' dir='ltr'><strong>nobis</strong></span> <span class='ocrx_word' id='word_1_161' title='bbox 392 2086 540 2139; x_wconf 88' lang='lat' dir='ltr'><strong>Iovis</strong></span> <span class='ocrx_word' id='word_1_162' title='bbox 561 2088 847 2142; x_wconf 79' lang='lat' dir='ltr'><strong>laudatore</strong></span> <span class='ocrx_word' id='word_1_163' title='bbox 867 2089 1134 2144; x_wconf 85' lang='lat' dir='ltr'><strong>iudicare.</strong></span> 
     </span>
    </p>
   </div>
   <div class='ocr_carea' id='block_1_8' title="bbox 110 2184 1839 2430">
    <p class='ocr_par' dir='ltr' id='par_1_8' title="bbox 110 2184 1839 2430">
     <span class='ocr_line' id='line_1_23' title="bbox 252 2184 1837 2261; baseline 0.003 -23"><span class='ocrx_word' id='word_1_164' title='bbox 252 2184 388 2238; x_wconf 72' lang='lat' dir='ltr'><strong>Am.</strong></span> <span class='ocrx_word' id='word_1_165' title='bbox 428 2184 693 2239; x_wconf 88' lang='lat' dir='ltr'><strong>Conabor</strong></span> <span class='ocrx_word' id='word_1_166' title='bbox 728 2198 782 2240; x_wconf 90' lang='lat' dir='ltr'><strong>et</strong></span> <span class='ocrx_word' id='word_1_167' title='bbox 823 2191 892 2241; x_wconf 90' lang='lat' dir='ltr'><strong>de</strong></span> <span class='ocrx_word' id='word_1_168' title='bbox 924 2201 977 2242; x_wconf 89' lang='lat' dir='ltr'><strong>te</strong></span> <span class='ocrx_word' id='word_1_169' title='bbox 1009 2200 1066 2242; x_wconf 89' lang='lat' dir='ltr'><strong>et</strong></span> <span class='ocrx_word' id='word_1_170' title='bbox 1107 2191 1177 2241; x_wconf 91' lang='lat' dir='ltr'><strong>de</strong></span> <span class='ocrx_word' id='word_1_171' title='bbox 1207 2207 1300 2242; x_wconf 87' lang='lat' dir='ltr'><strong>me</strong></span> <span class='ocrx_word' id='word_1_172' title='bbox 1335 2189 1483 2261; x_wconf 85' lang='lat' dir='ltr'><strong>ips03</strong></span> <span class='ocrx_word' id='word_1_173' title='bbox 1521 2188 1837 2242; x_wconf 87' lang='lat' dir='ltr'><strong>communis</strong></span> 
     </span>
     <span class='ocr_line' id='line_1_24' title="bbox 111 2268 1839 2346; baseline 0.003 -25"><span class='ocrx_word' id='word_1_174' title='bbox 111 2268 261 2323; x_wconf 89' lang='lat' dir='ltr'><strong>enim</strong></span> <span class='ocrx_word' id='word_1_175' title='bbox 287 2270 486 2323; x_wconf 85' lang='lat' dir='ltr'><strong>sermo.</strong></span> <span class='ocrx_word' id='word_1_176' title='bbox 549 2270 713 2325; x_wconf 86' lang='lat' dir='ltr'><strong>dicite</strong></span> <span class='ocrx_word' id='word_1_177' title='bbox 738 2272 938 2344; x_wconf 87' lang='lat' dir='ltr'><strong>igitur:</strong></span> <span class='ocrx_word' id='word_1_178' title='bbox 978 2275 1236 2327; x_wconf 82' lang='lat' dir='ltr'><strong>convivia</strong></span> <span class='ocrx_word' id='word_1_179' title='bbox 1266 2274 1491 2346; x_wconf 86' lang='lat' dir='ltr'><strong>publica</strong></span> <span class='ocrx_word' id='word_1_180' title='bbox 1517 2282 1573 2325; x_wconf 86' lang='lat' dir='ltr'><strong>et</strong></span> <span class='ocrx_word' id='word_1_181' title='bbox 1601 2291 1839 2344; x_wconf 85' lang='lat' dir='ltr'><strong>gymna-</strong></span> 
     </span>
     <span class='ocr_line' id='line_1_25' title="bbox 110 2355 1839 2430; baseline 0.002 -22"><span class='ocrx_word' id='word_1_182' title='bbox 110 2356 179 2409; x_wconf 85' lang='lat' dir='ltr'><strong>fia</strong></span> <span class='ocrx_word' id='word_1_183' title='bbox 204 2355 670 2412; x_wconf 85' lang='lat' dir='ltr'><strong>contendimusne</strong></span> <span class='ocrx_word' id='word_1_184' title='bbox 693 2358 822 2414; x_wconf 89' lang='lat' dir='ltr'><strong>belli</strong></span> <span class='ocrx_word' id='word_1_185' title='bbox 850 2361 1011 2413; x_wconf 89' lang='lat' dir='ltr'><strong>causa</strong></span> <span class='ocrx_word' id='word_1_186' title='bbox 1035 2358 1267 2414; x_wconf 86' lang='lat' dir='ltr'><strong>inventa</strong></span> <span class='ocrx_word' id='word_1_187' title='bbox 1293 2364 1397 2415; x_wconf 88' lang='lat' dir='ltr'><strong>esse</strong></span> <span class='ocrx_word' id='word_1_188' title='bbox 1419 2379 1451 2413; x_wconf 90' lang='lat' dir='ltr'><strong>a</strong></span> <span class='ocrx_word' id='word_1_189' title='bbox 1478 2358 1839 2430; x_wconf 79' lang='lat' dir='ltr'><strong>legislatore?</strong></span> 
     </span>
    </p>
   </div>
   <div class='ocr_carea' id='block_1_9' title="bbox 249 2455 602 2515">
    <p class='ocr_par' dir='ltr' id='par_1_9' title="bbox 249 2455 602 2515">
     <span class='ocr_line' id='line_1_26' title="bbox 249 2455 602 2515; baseline 0.003 -2"><span class='ocrx_word' id='word_1_190' title='bbox 249 2457 359 2513; x_wconf 84' lang='lat' dir='ltr'><strong>Me.</strong></span> <span class='ocrx_word' id='word_1_191' title='bbox 396 2455 602 2515; x_wconf 90' lang='lat' dir='ltr'><strong>Etiam.</strong></span> 
     </span>
    </p>
   </div>
   <div class='ocr_carea' id='block_1_10' title="bbox 112 2553 1839 2885">
    <p class='ocr_par' dir='ltr' id='par_1_10' title="bbox 112 2553 1839 2885">
     <span class='ocr_line' id='line_1_27' title="bbox 251 2553 1839 2630; baseline 0.001 -20"><span class='ocrx_word' id='word_1_192' title='bbox 251 2553 387 2611; x_wconf 80' lang='lat' dir='ltr'><strong>Ath.</strong></span> <span class='ocrx_word' id='word_1_193' title='bbox 435 2556 507 2612; x_wconf 85' lang='lat' dir='ltr'><strong>Et</strong></span> <span class='ocrx_word' id='word_1_194' title='bbox 531 2557 761 2613; x_wconf 86' lang='lat' dir='ltr'><strong>tertium</strong></span> <span class='ocrx_word' id='word_1_195' title='bbox 795 2559 924 2630; x_wconf 85' lang='lat' dir='ltr'><strong>quid</strong></span> <span class='ocrx_word' id='word_1_196' title='bbox 957 2559 1048 2613; x_wconf 87' lang='lat' dir='ltr'><strong>vel</strong></span> <span class='ocrx_word' id='word_1_197' title='bbox 1072 2559 1381 2630; x_wconf 83' lang='lat' dir='ltr'><strong>quartum?</strong></span> <span class='ocrx_word' id='word_1_198' title='bbox 1419 2558 1644 2613; x_wconf 74' lang='lat' dir='ltr'><strong>forsitan</strong></span> <span class='ocrx_word' id='word_1_199' title='bbox 1686 2559 1839 2612; x_wconf 88' lang='lat' dir='ltr'><strong>enim</strong></span> 
     </span>
     <span class='ocr_line' id='line_1_28' title="bbox 113 2641 1839 2717; baseline 0.001 -22"><span class='ocrx_word' id='word_1_200' title='bbox 113 2641 190 2696; x_wconf 87' lang='lat' dir='ltr'><strong>ita</strong></span> <span class='ocrx_word' id='word_1_201' title='bbox 228 2645 641 2717; x_wconf 76' lang='lat' dir='ltr'><strong>enumerandae</strong></span> <span class='ocrx_word' id='word_1_202' title='bbox 680 2646 783 2699; x_wconf 79' lang='lat' dir='ltr'><strong>siut</strong></span> <span class='ocrx_word' id='word_1_203' title='bbox 817 2645 1066 2717; x_wconf 90' lang='lat' dir='ltr'><strong>reliquae</strong></span> <span class='ocrx_word' id='word_1_204' title='bbox 1098 2645 1320 2699; x_wconf 84' lang='lat' dir='ltr'><strong>virtutis</strong></span> <span class='ocrx_word' id='word_1_205' title='bbox 1357 2647 1464 2698; x_wconf 86' lang='lat' dir='ltr'><strong>five</strong></span> <span class='ocrx_word' id='word_1_206' title='bbox 1503 2654 1690 2716; x_wconf 84' lang='lat' dir='ltr'><strong>partes</strong></span> <span class='ocrx_word' id='word_1_207' title='bbox 1729 2647 1839 2697; x_wconf 85' lang='lat' dir='ltr'><strong>five</strong></span> 
     </span>
     <span class='ocr_line' id='line_1_29' title="bbox 112 2730 1839 2804; baseline 0.002 -24"><span class='ocrx_word' id='word_1_208' title='bbox 112 2745 464 2801; x_wconf 88' lang='lat' dir='ltr'><strong>quocumque</strong></span> <span class='ocrx_word' id='word_1_209' title='bbox 499 2747 588 2782; x_wconf 84' lang='lat' dir='ltr'><strong>eas</strong></span> <span class='ocrx_word' id='word_1_210' title='bbox 622 2730 766 2784; x_wconf 83' lang='lat' dir='ltr'><strong>affici</strong></span> <span class='ocrx_word' id='word_1_211' title='bbox 807 2741 1029 2804; x_wconf 87' lang='lat' dir='ltr'><strong>oportet</strong></span> <span class='ocrx_word' id='word_1_212' title='bbox 1051 2730 1282 2785; x_wconf 89' lang='lat' dir='ltr'><strong>nomine</strong></span> <span class='ocrx_word' id='word_1_213' title='bbox 1304 2772 1318 2798; x_wconf 91' lang='lat'><strong>,</strong></span> <span class='ocrx_word' id='word_1_214' title='bbox 1352 2740 1415 2784; x_wconf 83' lang='lat' dir='ltr'><strong>ut</strong></span> <span class='ocrx_word' id='word_1_215' title='bbox 1438 2730 1683 2786; x_wconf 83' lang='lat' dir='ltr'><strong>declares</strong></span> <span class='ocrx_word' id='word_1_216' title='bbox 1709 2739 1839 2785; x_wconf 87' lang='lat' dir='ltr'><strong>tan-</strong></span> 
     </span>
     <span class='ocr_line' id='line_1_30' title="bbox 112 2812 951 2885; baseline 0.01 -21"><span class='ocrx_word' id='word_1_217' title='bbox 112 2812 404 2866; x_wconf 86' lang='lat' dir='ltr'><strong>tummodo</strong></span> <span class='ocrx_word' id='word_1_218' title='bbox 431 2815 567 2885; x_wconf 90' lang='lat' dir='ltr'><strong>quid</strong></span> <span class='ocrx_word' id='word_1_219' title='bbox 591 2815 777 2871; x_wconf 88' lang='lat' dir='ltr'><strong>dicere</strong></span> <span class='ocrx_word' id='word_1_220' title='bbox 802 2818 951 2872; x_wconf 81' lang='lat' dir='ltr'><strong>velis,</strong></span> 
     </span>
    </p>
   </div>
   <div class='ocr_carea' id='block_1_11' title="bbox 115 2924 1836 3074">
    <p class='ocr_par' dir='ltr' id='par_1_11' title="bbox 115 2924 1836 3074">
     <span class='ocr_line' id='line_1_31' title="bbox 252 2924 1836 3003; baseline 0.011 -25"><span class='ocrx_word' id='word_1_221' title='bbox 252 2924 358 2981; x_wconf 85' lang='lat' dir='ltr'><strong>Me.</strong></span> <span class='ocrx_word' id='word_1_222' title='bbox 395 2928 607 2995; x_wconf 83' lang='lat' dir='ltr'><strong>Tertio,</strong></span> <span class='ocrx_word' id='word_1_223' title='bbox 635 2933 899 3002; x_wconf 89' lang='lat' dir='ltr'><strong>equidem</strong></span> <span class='ocrx_word' id='word_1_224' title='bbox 924 2931 1163 2991; x_wconf 78' lang='lat' dir='ltr'><strong>dixerim</strong></span> <span class='ocrx_word' id='word_1_225' title='bbox 1178 2941 1232 2986; x_wconf 79' lang='lat' dir='ltr'><strong>et</strong></span> <span class='ocrx_word' id='word_1_226' title='bbox 1259 2930 1444 3003; x_wconf 79' lang='lat' dir='ltr'><strong>quivis</strong></span> <span class='ocrx_word' id='word_1_227' title='bbox 1465 2929 1836 2993; x_wconf 72' lang='lat' dir='ltr'><strong>LacedaemO&#39;-</strong></span> 
     </span>
     <span class='ocr_line' id='line_1_32' title="bbox 115 3007 1007 3074; baseline 0.017 -15"><span class='ocrx_word' id='word_1_228' title='bbox 115 3007 355 3071; x_wconf 78' lang='lat' dir='ltr'><strong>nim-um,</strong></span> <span class='ocrx_word' id='word_1_229' title='bbox 391 3014 745 3072; x_wconf 77' lang='lat' dir='ltr'><strong>venationem</strong></span> <span class='ocrx_word' id='word_1_230' title='bbox 775 3020 1007 3074; x_wconf 83' lang='lat' dir='ltr'><strong>invenit.</strong></span> 
     </span>
    </p>
   </div>
   <div class='ocr_carea' id='block_1_12' title="bbox 118 3108 1833 3249">
    <p class='ocr_par' dir='ltr' id='par_1_12' title="bbox 118 3108 1833 3249">
     <span class='ocr_line' id='line_1_33' title="bbox 254 3108 1833 3191; baseline -0.001 -23"><span class='ocrx_word' id='word_1_231' title='bbox 254 3108 392 3162; x_wconf 74' lang='grc' dir='ltr'><em>ΑἰΙι·</em></span> <span class='ocrx_word' id='word_1_232' title='bbox 440 3110 723 3181; x_wconf 86' lang='lat' dir='ltr'><strong>Quartum</strong></span> <span class='ocrx_word' id='word_1_233' title='bbox 751 3120 841 3172; x_wconf 86' lang='lat' dir='ltr'><strong>vel</strong></span> <span class='ocrx_word' id='word_1_234' title='bbox 865 3120 1143 3189; x_wconf 85' lang='lat' dir='ltr'><strong>quintum,</strong></span> <span class='ocrx_word' id='word_1_235' title='bbox 1172 3121 1205 3172; x_wconf 91' lang='lat' dir='ltr'><strong>s1</strong></span> <span class='ocrx_word' id='word_1_236' title='bbox 1240 3118 1614 3191; x_wconf 77' lang='lat' dir='ltr'><strong>potuerimuS,</strong></span> <span class='ocrx_word' id='word_1_237' title='bbox 1652 3113 1833 3168; x_wconf 85' lang='lat' dir='ltr'><strong>dicere</strong></span> 
     </span>
     <span class='ocr_line' id='line_1_34' title="bbox 118 3213 405 3249; baseline 0.014 -4"><span class='ocrx_word' id='word_1_238' title='bbox 118 3213 405 3249; x_wconf 81' lang='lat' dir='ltr'><strong>conemur.</strong></span> 
     </span>
    </p>
   </div>
   <div class='ocr_carea' id='block_1_13' title="bbox 262 3294 1832 3374">
    <p class='ocr_par' dir='ltr' id='par_1_13' title="bbox 262 3294 1832 3374">
     <span class='ocr_line' id='line_1_35' title="bbox 262 3294 1832 3374; baseline -0.002 -20"><span class='ocrx_word' id='word_1_239' title='bbox 262 3302 375 3354; x_wconf 86' lang='lat' dir='ltr'><strong>Me.</strong></span> <span class='ocrx_word' id='word_1_240' title='bbox 417 3294 600 3355; x_wconf 84' lang='lat' dir='ltr'><strong>Etiam</strong></span> <span class='ocrx_word' id='word_1_241' title='bbox 624 3310 880 3369; x_wconf 81' lang='lat' dir='ltr'><strong>quartum</strong></span> <span class='ocrx_word' id='word_1_242' title='bbox 905 3305 1159 3374; x_wconf 87' lang='lat' dir='ltr'><strong>equidem</strong></span> <span class='ocrx_word' id='word_1_243' title='bbox 1186 3325 1353 3360; x_wconf 88' lang='lat' dir='ltr'><strong>coner</strong></span> <span class='ocrx_word' id='word_1_244' title='bbox 1383 3303 1586 3371; x_wconf 87' lang='lat' dir='ltr'><strong>dicere,</strong></span> <span class='ocrx_word' id='word_1_245' title='bbox 1625 3300 1832 3354; x_wconf 79' lang='lat' dir='ltr'><strong>tolera-</strong></span> 
     </span>
    </p>
   </div>
  </div>
 </body>
</html>
