2176 3672
832 210 1251 272 'LEGES
1323 216 1392 270 11.
1937 217 2008 275 85

270 375 451 431 neque
475 357 728 431 seipsum
757 357 1018 413 delectari
1035 355 1303 428 improbis
1319 355 1573 428 gestibus,
1590 359 1831 430 reliquos
1852 380 2001 431 vero,

271 444 554 499 contraria
579 441 730 498 itlius
748 444 931 501 musa.
1004 445 1359 514 quamquam
1377 442 1724 497 contendunt
1747 446 1998 519 plerique

271 536 485 593 rectam
499 530 737 583 musicae
749 529 1022 582 rationem
1050 525 1112 580 in
1126 525 1181 579 vi
1197 526 1409 581 versari
1433 525 1636 582 animis
1649 528 1995 602 voluptatem

267 613 588 686 praebente.
638 623 884 668 attamen
910 613 1016 668 hoc
1040 630 1221 684 neque
1241 611 1539 668 ferendum
1564 630 1747 684 neque
1765 615 1996 669 omnino

268 698 352 753 fas
378 700 452 753 est
477 699 660 762 dietu3
700 717 902 756 verum
929 698 1032 754 hoc
1054 696 1242 773 potius
1254 696 1546 772 probabile
1570 697 1722 754 estin
1746 717 1992 756 errorem

271 803 374 839 nos
397 783 683 842 inducere.

409 911 490 969 CI.
530 912 822 987 Quidnam
843 913 871 967 ’ἓ

407 1039 540 1096 ΛιῙι.
578 1039 775 1115 Quum
800 1039 1132 1093 imitationes
1152 1053 1381 1092 morum
1403 1036 1505 1090 fint
1525 1037 1782 1104 choreae,
1819 1038 1989 1112 quip-

268 1146 339 1201 pe
361 1144 503 1198 quae
538 1126 597 1179 in
626 1124 803 1178 variis
839 1125 1128 1177 versentur
1158 1121 1471 1176 actionibus
1483 1162 1503 1188 ,
1540 1119 1782 1177 fortunis
1809 1133 1862 1178 et
1885 1143 1993 1178 na-

272 1211 412 1266 turis
457 1227 660 1279 easque
707 1207 980 1261 imitando
1017 1205 1371 1278 exprimant,
1418 1207 1622 1279 quibus
1653 1199 1992 1265 conveniant

179 1345 181 1347 ,
267 1299 415 1352 dicta
439 1295 530 1348 vel
554 1300 771 1347 cantata
793 1292 886 1346 vel
908 1291 1193 1351 saltatione
1217 1309 1574 1364 quacumque
1604 1297 1871 1365 express'a‚
1895 1294 1991 1347 vel

265 1393 472 1437 natura
504 1379 596 1433 vel
633 1377 1035 1432 consuetudine
1063 1378 1154 1432 vel
1181 1377 1454 1447 utrisque,
1492 1378 1552 1431 hi
1581 1378 1686 1433 illis
1711 1378 1992 1432 delecten-

264 1479 357 1523 tur
378 1483 553 1537 eaque
576 1464 810 1518 laudent
835 1471 889 1517 et
914 1460 1152 1535 pulchra
1173 1470 1379 1515 vocent
1400 1467 1608 1518 necesse
1633 1465 1720 1530 est,
1744 1482 1988 1535 quorum

261 1572 403 1608 vero
429 1559 668 1606 naturae
702 1550 794 1603 vel
829 1547 1082 1602 moribus
1112 1546 1206 1600 vel
1236 1547 1623 1603 consuetudini
1649 1558 1987 1620 repugnant,

261 1639 320 1694 hi
343 1656 531 1709 neque
558 1632 822 1689 delectari
849 1632 926 1687 eis
953 1631 1180 1703 poss'unt
1200 1650 1385 1705 neque
1405 1633 1644 1706 probare
1666 1643 1723 1687 et
1747 1633 1987 1706 pulchra

259 1724 576 1799 appellare;
616 1718 819 1791 quibus
858 1730 1048 1773 autem
1079 1728 1278 1774 natura
1304 1716 1534 1788 quidem
1558 1727 1711 1773 recta
1735 1718 1987 1791 contigit,

262 1806 603 1865 consuetudo
624 1823 760 1858 vero
784 1804 1081 1873 contraria,
1100 1805 1188 1858 vel
1212 1803 1549 1858 consuetudo
1563 1804 1792 1876 quidem
1814 1815 1988 1871 recta,

261 1904 321 1949 at
347 1902 551 1949 natura
600 1889 913 1954 contraria,
973 1887 1035 1943 hi
1071 1889 1265 1943 laudes
1308 1887 1593 1945 celebrant
1628 1891 1983 1962 voluptatum

262 1976 604 2039 contrarias;
640 1972 884 2027 iucunda
910 1972 1060 2026 enim
1085 1973 1287 2027 horum
1315 1973 1523 2041 lingula
1539 1974 1642 2026 effe
1670 1973 1877 2040 dicunt,
1897 1973 1986 2027 sed

261 2081 441 2138 prava
454 2103 473 2127 ,
513 2068 568 2112 et
592 2077 780 2112 coram
798 2057 917 2112 aliis
945 2075 1083 2127 quos
1095 2067 1296 2130 putant
1318 2058 1511 2128 sapere
1539 2068 1809 2114 verentur
1834 2077 1982 2129 quo-

260 2166 368 2221 que
402 2162 603 2200 canere
641 2151 928 2211 tamquam
972 2142 1314 2199 declarantes
1355 2160 1420 2196 ea
1454 2141 1677 2197 honesta
1702 2146 1806 2199 effe
1825 2140 1983 2212 serie,

259 2236 443 2286 {ecum
469 2246 606 2282 vero
622 2226 728 2282 illis
756 2226 1125 2281 delectantur.

402 2357 486 2413 Οἱ.
523 2354 833 2412 Rectissime
859 2351 1014 2411 dicis,
1056 2434 1058 2437 Ι

398 2485 532 2542 ΑιῙι.
564 2481 715 2538 Num
741 2480 909 2553 igitur
931 2483 1201 2537 damnum
1227 2482 1452 2556 aliquod
1475 2482 1639 2538 affert
1667 2482 1775 2539 hoe
1797 2485 1832 2537 fi
1857 2483 1980 2556 quis

259 2568 553 2647 pravitatis
605 2566 845 2639 gestibus
901 2568 985 2621 vel
1040 2568 1220 2623 modis
1261 2567 1598 2630 delectatur.
1658 2589 1732 2624 an
1780 2580 1977 2626 contra

260 2655 565 2712 utilitatem
599 2653 844 2725 aliquam
881 2651 961 2706 eis
996 2652 1092 2726 qui
1131 2673 1163 2708 e
1195 2652 1480 2709 contrario
1505 2654 1820 2730 voluptates
1846 2674 1978 2733 per-

259 2739 515 2816 cipiunt?

399 2863 480 2923 01.
515 2865 649 2921 Veri
685 2864 859 2919 fimile
883 2866 968 2919 est.

393 2987 535 3069 „⁴4⁰¹-
574 2989 776 3045 Utrum
802 2991 920 3045 veri
949 2990 1120 3047 simile
1144 3010 1217 3047 an
1244 2993 1408 3049 etiam
1437 2994 1797 3050 neeeffarium
1823 2992 1975 3048 idem

264 3077 396 3139 effe,
446 3092 510 3127 ac
545 3075 580 3127 fi
606 3074 748 3147 vqui·
767 3076 918 3131 inter
940 3094 1142 3151 pravos
1166 3080 1443 3133 malorum
1469 3078 1763 3134 hominum
1787 3096 1976 3133 mores

262 3157 484 3212 versans
513 3176 625 3211 non
651 3157 850 3227 oderit,
886 3161 975 3214 sed
1005 3162 1309 3219 delectetur
1334 3175 1388 3220 et
1411 3167 1790 3239 amplectatur,
1821 3163 1976 3217 vitu-

263 3251 421 3316 peret
450 3250 634 3296 autem
673 3243 824 3298 suam
854 3245 965 3318 ipse
990 3247 1316 3318 pravitatem
1345 3252 1493 3321 quast
1516 3269 1616 3324 per
1638 3248 1819 3303 iocum
1855 3247 1975 3299 fibi··

265 3339 378 3383 met
412 3328 502 3400 ipsi
532 3346 652 3380 cam
680 3327 960 3384 tribuens?
1002 3342 1120 3386 tum
1147 3334 1358 3397 enimjs
1382 3335 1478 3407 qui
1503 3335 1803 3390 delectatur
1827 3328 1977 3385 suni-
2038 3382 2042 3385 Α
