2176 3672
747 222 1320 281 Lnesss1u
1471 174 1478 180 ’
1818 230 1916 306 ,ὴ

164 371 319 430 ¹bant
340 371 577 444 propter
617 367 963 444 paucitatem
996 366 1291 423 hominum
1321 366 1417 423 illo
1443 378 1715 442 tempore,
1751 376 1914 431 vehi-

176 457 301 512 cula
330 465 541 526 autem,
569 455 771 527 quibus
796 465 950 508 terra
979 453 1071 507 vel
1092 453 1240 507 mari
1267 462 1397 508 tunc
1417 456 1912 528 congrederentur,
1949 454 1952 461 ’

176 558 308 615 eum
334 541 556 596 artibus
601 543 792 595 omnia
821 537 1230 613 propemodum
1266 539 1637 596 interierant?
1671 543 1912 600 sociem·-

174 637 289 682 tem
314 627 489 699 igitur
514 627 770 697 iungere,
797 626 1017 700 opinor,
1034 644 1147 678 non
1174 626 1303 679 sane
1326 625 1403 681 eis
1427 627 1659 693 licebat3
1695 627 1911 686 ferrum

176 712 328 789 enirm
368 722 425 767 et
456 732 549 767 aes
585 723 641 767 et
667 712 853 766 omnia
879 711 1104 766 metalla
1139 710 1366 768 confusa
1405 727 1754 774 evanuerant
1784 735 1913 772 ma-

173 817 343 871 gnam
369 808 433 852 ut
457 818 658 853 eorum
688 798 920 852 secretio
958 796 1338 852 difficultatem
1357 792 1618 867 haberet,
1643 810 1697 854 et
1727 796 1911 856 mate·-

174 884 296 939 riae
333 884 652 938 caedendae
692 883 880 955 inopia
918 883 995 936 eis
1032 894 1168 936 erat.
1245 902 1377 936 nam
1404 883 1611 938 etiamst
1635 888 1784 957 quod
1813 889 1909 943 in-

173 971 546 1044 strumentum
573 970 844 1022 restiterat
870 969 928 1022 in
955 969 1254 1029 montibus,
1281 967 1388 1021 cito
1415 977 1601 1021 tamen
1623 969 1760 1025 haec
1772 991 1910 1027 con-

175 1055 309 1109 trita
342 1066 715 1121 evanuerant,
754 1055 862 1108 alia
885 1073 1020 1106 vero
1046 1072 1161 1106 non
1190 1061 1454 1125 poterant
1475 1054 1634 1130 prius
1663 1058 1911 1113 exfistere

177 1159 347 1211 quam
373 1140 784 1195 metallicorum
812 1158 902 1194 ars
922 1136 995 1193 ad
1023 1138 1276 1194 homines
1302 1140 1623 1196 revertiffet.

318 1254 399 1311 ΟΖ.
441 1254 562 1327 Qui
590 1252 783 1307 enim?

318 1370 450 1423 Ath.
512 1368 669 1443 Quot
704 1367 878 1440 igitur
910 1366 1187 1423 aetatibus
1218 1368 1340 1439 post
1375 1368 1663 1424 censemus
1698 1370 1809 1427 hoc
1831 1373 1911 1428 ita

172 1451 386 1509 factum
415 1456 557 1509 effe?
820 1455 829 1464 “

318 1567 401 1623 Cl.
437 1568 597 1624 Patet
619 1567 914 1643 permultis
934 1569 1070 1641 post.

314 1681 458 1737 Ach.
493 1683 699 1738 Nonne
724 1683 896 1755 igitur
915 1692 1065 1735 artes
1093 1699 1317 1754 quoque
1337 1701 1730 1756 quaecumque
1756 1683 1910 1743 ferro

172 1765 426 1838 indigent
469 1778 526 1821 et
562 1781 690 1822 aere
729 1768 1099 1838 omnibusque
1135 1767 1383 1821 eiusdem
1406 1769 1643 1839 generis,
1678 1769 1831 1827 idem
1855 1783 1913 1828 et

175 1851 392 1923 longius
419 1853 584 1907 etiam
617 1863 834 1927 tempus
863 1861 985 1906 tum
1010 1852 1389 1906 evanuerint?

319 1950 401 2006 ΟΖ.
440 1952 709 2026 Quidni?
965 2016 979 2037 ⁸

320 2053 448 2107 Ath.
487 2053 682 2122 Itaque
697 2050 884 2106 seditio
911 2051 1182 2122 simulque
1209 2049 1421 2104 bellum
1449 2050 1658 2125 ubique
1681 2073 1746 2108 eo
1759 2064 1912 2112 tem·
1952 2085 1956 2091 ·

173 2155 312 2212 pore
341 2137 755 2196 interciderant,
787 2205 794 2212 ‚

320 2236 403 2293 Ol.
442 2236 574 2311 Quo
597 2248 762 2311 pacto
778 2240 808 2293 Ρ

321 2336 452 2394 Ath.
490 2337 746 2393 Primum
769 2337 997 2410 quidem
1025 2335 1327 2408 diligebant
1342 2332 1487 2388 inter
1497 2332 1555 2387 {e
1579 2341 1635 2388 et
1655 2332 1911 2392 benivole

179 2424 531 2499 accipiebant
555 2433 787 2497 propter
810 2423 1187 2489 solitudinem,
1217 2420 1418 2474 deinde
1442 2439 1560 2474 non
1581 2421 1911 2478 certandum

181 2511 257 2566 eis
280 2521 400 2566 erat
424 2511 493 2564 de
519 2510 824 2577 aliment05
859 2511 1193 2583 pascuorum
1221 2511 1369 2561 enim
1394 2507 1550 2560 nulla
1573 2515 1689 2588 erat
1702 2506 1910 2581 inopia,

180 2598 276 2653 nisi
301 2597 522 2652 fortaffe
546 2595 708 2650 initio
733 2595 1084 2667 quibusdam,
1114 2593 1317 2665 quibus
1343 2591 1572 2665 quidem
1598 2593 1909 2649 max-imam

182 2692 400 2752 partem
439 2693 561 2737 tum
598 2684 654 2735 se
691 2681 1097 2747 sustentabant3
1135 2679 1339 2733 etenim
1372 2677 1529 2732 lactis
1563 2686 1617 2730 et
1649 2679 1908 2741 carnium

183 2766 418 2821 minime
439 2768 678 2840 penuria
708 2777 858 2835 erat,
895 2777 948 2821 et
972 2776 1264 2838 praeterea
1292 2764 1552 2819 venando
1577 2781 1764 2834 neque
1795 2765 1910 2820 vile

184 2866 363 2920 neque
390 2851 649 2923 exiguum
668 2853 763 2907 fibi
777 2851 1525 2927 comparabantalimentum
1538 2869 1556 2916 3
1581 2849 1719 2920 quin
1742 2850 1910 2904 etiam

185 2934 508 2988 vestimento
546 2946 600 2990 et
634 2938 880 3010 stragulis
919 2948 972 2993 et
1007 2937 1440 2993 habitationibus
1472 2945 1528 2990 et
1552 2934 1764 2988 vasibus
1793 2944 1911 2991 tam

185 3019 299 3089 igni
325 3019 685 3076 admovendis
711 3033 823 3079 tam
847 3044 962 3078 non
986 3022 1352 3079 admovendis
1384 3020 1778 3089 abundabant3
1816 3040 1914 3075 ar-

186 3115 272 3161 tes
298 3104 448 3159 enim
470 3104 711 3179 fingendi
736 3097 792 3163 et
812 3111 1202 3166 texendiferro
1217 3105 1731 3175 minimeindigent.
1772 3105 1914 3162 haee

186 3201 378 3245 autem
402 3190 589 3245 omnia
616 3201 679 3244 ut
709 3194 1127 3267 suppeditarent
1156 3195 1259 3249 has
1285 3202 1425 3247 artes
1452 3190 1588 3245 deus
1613 3189 1770 3245 dedit
1797 3191 1912 3245 ho-

185 3275 452 3346 minibus,
490 3294 601 3348 quo
629 3275 688 3329 in
713 3278 880 3332 talem
905 3279 1158 3356 inopiam
1184 3279 1438 3335 incidens
1462 3277 1779 3332 humanum
1811 3295 1911 3349 ge-

185 3380 292 3418 nus
316 3362 427 3417 sese
461 3369 795 3439 propagaret
826 3372 883 3418 et
913 3367 1348 3438 progresfionem
1384 3363 1608 3420 faceret.
1680 3380 1745 3416 ac
1763 3379 1913 3433 pau·

1447 3448 1500 3502 K
1535 3456 1570 3505 2
