2132 3652
699 200 1243 257 LEGESV.
1741 210 1845 279 295

115 336 249 402 dum
273 342 419 397 hano
441 339 751 395 orationem
788 359 888 396 nos
917 359 1144 413 quoque
1174 360 1337 406 nunc,
1372 355 1746 416 proponentes
1769 349 1836 401 ad
1876 402 1884 410 ,

113 428 373 482 vin-tutem
418 425 660 497 primam
706 425 992 481 civitatem
1040 438 1094 481 et
1135 427 1435 481 secundam
1484 436 1539 480 et
1583 429 1835 494 te1·tiam;

113 512 397 586 optionem
433 529 570 564 vero
609 510 821 565 Cliniae
854 513 1051 568 demus
1085 530 1240 569 nunc
1276 520 1329 565 et
1352 512 1386 564 fi
1411 511 1533 585 quis
1558 512 1701 565 alius
1730 514 1836 566 ali-

23 608 27 612 ’
108 594 330 667 quando
368 596 608 652 voluerit
651 598 719 651 ad
756 598 961 653 harum
1005 617 1197 653 rerum
1238 597 1513 650 delectum
1557 599 1835 673 aggressus

102 679 406 736 fecundum
434 683 597 735 suum
622 682 913 753 ingenium
943 682 1248 736 attribuere
1281 700 1422 756 quae
1449 681 1506 734 in
1536 682 1712 754 patria
1735 686 1833 739 sua

42 767 45 770 ’
99 765 202 840 ipfi
242 765 510 840 placeant.
581 769 771 825 Prima
808 769 981 841 igitur
1014 768 1146 822 urbs
1178 771 1250 822 ess
1284 777 1336 822 et
1377 766 1573 821 civitas
1601 778 1660 822 et
1683 769 1831 841 leges

103 854 375 922 optimae,
424 853 522 907 ubi
559 863 721 909 vetus
765 855 903 909 illud
942 852 1151 908 dictum
1196 872 1299 927 per
1335 860 1507 905 totam
1545 853 1831 908 civitatem

101 957 268 1007 quam
307 939 554 992 maxime
591 940 778 995 locum
824 939 1025 1007 habet,
1089 936 1235 1011 quod
1279 935 1487 990 indicat
1519 937 1831 993 amicorum

100 1022 294 1077 omnia
323 1027 436 1088 ‘effe
475 1025 810 1080 communia.
852 1027 962 1080 hoc
995 1023 1163 1097 igitur
1200 1024 1312 1077 five
1346 1041 1497 1076 nunc
1524 1022 1729 1077 alicubi
1767 1023 1831 1076 fit

96 1108 205 1160 five
239 1107 336 1161 fiet
356 1107 670 1180 aliquandO,
709 1129 1035 1164 communes
1060 1112 1161 1163 effe
1182 1108 1466 1175 muliereS,
1502 1125 1827 1161 communes

37 1226 48 1239 -·
93 1191 299 1247 liberos
320 1203 376 1247 et
401 1195 722 1251 communia
745 1196 892 1251 bona
913 1196 1175 1249 universa
1198 1193 1352 1266 ponit
1369 1193 1633 1265 omnique
1656 1194 1824 1246 modo

94 1296 263 1331 omne
293 1279 444 1351 quod
493 1279 697 1334 dicitur
759 1281 1057 1355 proprium
1109 1279 1359 1351 undique
1411 1298 1444 1332 e
1490 1279 1608 1332 vita
1658 1279 1817 1342 tollit,

92 1374 261 1434 atque
298 1365 484 1433 etiam,
521 1365 701 1437 quoad
742 1367 864 1420 eius
902 1363 1027 1418 fieri
1063 1363 1276 1436 potuit,
1311 1362 1369 1416 id
1407 1361 1592 1417 effecit
1623 1371 1690 1415 ut
1719 1382 1819 1416 na—

91 1458 221 1502 tura
257 1451 483 1522 propria
526 1452 753 1522 prorsus
791 1448 1116 1504 communia
1160 1449 1436 1515 eximant,
1485 1448 1639 1503 velut
1673 1449 1818 1502 oculi

92 1544 147 1587 et
172 1552 336 1588 aures
369 1544 425 1588 et
475 1554 677 1588 manus
728 1533 1109 1589 communiter
1149 1553 1376 1596 cernere
1412 1532 1715 1588 videantur
1762 1544 1817 1586 et

88 1619 279 1673 audire
309 1628 367 1673 et
396 1638 592 1693 agere,
638 1621 982 1691 laudentque
1013 1628 1068 1672 et
1109 1617 1436 1691 vituperent
1470 1616 1814 1674 coniunctim

15 1694 18 1697 ’
89 1725 255 1775 quam
306 1704 558 1757 maxime
594 1723 787 1757 omnes
814 1704 1338 1775 isdem-gaudentes
1364 1723 1429 1758 ac
1454 1703 1719 1763 dolenteS,
1758 1713 1814 1755 et

86 1807 473 1861 quaecumque
517 1787 663 1858 leges
701 1807 871 1860 quam
903 1787 1154 1843 maxime
1191 1807 1365 1842 unam
1394 1788 1643 1844 efficiunt
1670 1788 1812 1840 civi-

28 1909 60 1942 s..
85 1885 281 1938 tatem,
320 1871 538 1927 virtutis
564 1873 892 1943 praestantia
916 1883 1203 1944 tantopere
1230 1873 1529 1943 excellunt,
1557 1881 1620 1926 ut
1641 1891 1811 1925 nemo
1836 1920 1839 1923 .

83 1960 384 2015 rectiorem
426 1978 489 2013 ac
527 1958 818 2012 meliorem
868 1958 944 2011 eis
985 1956 1160 2011 finem
1202 1958 1620 2031 terminumque
1646 1956 1811 2030 possit

83 2044 427 2101 constituere.
502 2043 659 2098 Hanc
689 2042 860 2114 igitur
894 2039 1124 2104 urbem,
1169 2042 1283 2096 five
1316 2043 1396 2097 dii
1429 2045 1537 2098 five
1570 2042 1809 2097 deorum

38 2143 46 2153 ‘
80 2128 183 2184 filii
208 2146 331 2183 eam
354 2129 599 2182 incolent
620 2126 804 2200 plures
829 2145 961 2191 une,
998 2126 1075 2180 ita
1101 2126 1274 2181 vitam
1305 2127 1666 2200 transigentes
1688 2127 1809 2179 lae-

82 2213 203 2268 titia
238 2213 420 2268 affecti
454 2212 752 2279 tenebunt‚·
801 2211 1058 2284 quocirca
1093 2215 1379 2287 exemplar
1414 2211 1657 2268 civitatis
1688 2230 1805 2264 non

78 2298 230 2370 aliud
256 2308 475 2371 oportet
497 2297 843 2366 considerari,
877 2296 968 2350 sed
989 2296 1136 2350 hanc
1159 2308 1407 2354 tenentes
1430 2316 1598 2370 quam
1622 2296 1805 2349 maxi-

79 2402 172 2439 me
206 2387 374 2439 talem
416 2403 688 2456 quaerere
724 2381 988 2437 debemus
1033 2401 1140 2455 pro
1181 2383 1416 2440 viribus.
1454 2402 1623 2455 quam
1663 2399 1803 2434 vero

78 2488 231 2525 nunc
252 2489 355 2524 nos
380 2470 705 2525 instituimus
726 2468 1034 2535 civitatem,
1070 2470 1288 2524 accedet
1306 2470 1415 2533 illa,
1451 2470 1489 2524 fi
1513 2466 1801 2524 constituta

77 2553 269 2622 fuerit,
305 2556 566 2629 proxime
586 2556 654 2608 ad
682 2554 1159 2608 immortalitatem
1194 2565 1250 2608 et
1273 2555 1510 2608 secunda
1537 2552 1662 2621 erit,
1688 2561 1801 2606 ter-

79 2639 213 2694 tiam
237 2650 424 2695 autem
442 2640 655 2704 deinde,
671 2642 706 2694 fi
723 2642 855 2695 deus
871 2638 1132 2704 voluerit,
1146 2639 1515 2694 absolvemus.
1529 2657 1683 2693 nunc
1704 2651 1800 2692 ve-

80 2741 149 2776 ro
164 2723 307 2778 hand
320 2742 621 2795 quamnam
638 2726 874 2780 dicimus
899 2735 952 2780 et
969 2724 1247 2797 quomodo
1272 2723 1394 2780 fieri
1417 2728 1566 2797 posse
1583 2724 1754 2777 talem
1770 2721 1798 2774 ?

221 2807 606 2864 Distribuunto
641 2810 813 2884 igitur
851 2810 1101 2884 primum
1136 2829 1302 2883 agros·
1331 2819 1385 2863 et
1422 2809 1639 2869 domna,
1691 2824 1796 2860 neo

82 2891 455 2944 communiter
491 2913 687 2964 agrum
724 2897 963 2962 colunt0‚
1001 2895 1261 2968 quiahoc
1281 2895 1463 2950 maius
1488 2897 1561 2948 est
1584 2892 1793 2947 dictum

81 2994 247 3047 quam
277 2976 417 3028 utin
441 2976 690 3033 homines
710 2999 858 3035 nuno
881 2992 1169 3052 generatos
1192 2991 1247 3036 et
1273 2981 1532 3035 educatos
1559 2988 1615 3031 et
1641 2976 1794 3030 insti-

0 3047 2 3139 :
79 3070 228 3115 tutos
244 3055 407 3130 possit
429 3063 655 3129 cader03
691 3064 977 3121 dividunto
1016 3077 1201 3122 autem
1233 3066 1336 3121 hac
1368 3064 1486 3118 fere
1517 3072 1704 3115 mente
1728 3070 1792 3114 ut

79 3148 338 3199 censeant
362 3163 394 3197 a
418 3163 639 3216 quoque
664 3148 760 3217 qui
783 3149 984 3205 [ortem
1011 3150 1288 3223 acceperit
1313 3150 1456 3203 hanc
1482 3146 1790 3201 existiman·

0 3224 3 3238 ’
80 3231 206 3285 dam
226 3235 328 3284 esse
353 3247 711 3284 communem
738 3232 972 3287 civitatis
999 3236 1306 3296 universae,
1347 3244 1402 3286 et
1441 3232 1574 3302 quia
1608 3230 1791 3305 patria

79 3317 142 3371 fit
174 3317 347 3387 regie,
387 3316 675 3370 colendam
715 3320 818 3371 effe
868 3319 1040 3390 magis
1079 3337 1244 3390 quam
1286 3326 1524 3373 matrem
1561 3335 1593 3369 a
1632 3316 1789 3374 natis.
