2132 3652
779 153 828 209 L
863 151 912 207 E
949 148 1002 203 G
1038 149 1086 205 E
1122 147 1161 204 s
1230 149 1323 203 111.
1813 170 1915 228 292

183 295 348 373 ploti,
389 293 635 368 primum
667 294 813 351 alter
832 287 1074 357 alterum
1099 287 1375 344 interfecit
1397 291 1789 362 aequalitatem
1810 315 1921 350 nou

182 374 397 471 *fe—fens,
433 377 634 433 deinde
658 378 775 452 ipse
797 374 1072 430 insaniens
1096 393 1170 434 ex
1197 373 1471 429 ebrietate
1507 387 1566 431 et
1604 375 1924 449 disciplinae

187 463 379 539 inopia
410 463 709 537 imperium
750 462 928 517 amisit
957 479 1060 534 per
1086 460 1283 514 Medos
1309 472 1364 516 et
1396 462 1726 517 eunuchum
1758 463 1921 520 illum

186 551 269 606 ita
289 550 499 619 dictum
523 548 814 622 Cambyfis
842 547 1115 603 insaniam
1143 555 1618 608 contemnentem.

333 677 415 735 cl.
464 677 840 733 perhibentur
876 676 1099 750 quidem
1128 676 1266 754 haec
1294 674 1399 743 ita,
1438 685 1496 730 et
1516 674 1777 738 videntur
1802 674 1923 735 fere

187 762 293 819 hac
315 762 538 818 ratione
558 762 707 817 facta
734 766 855 817 effe.

328 893 456 947 Ath.
494 889 682 960 Atque
707 890 877 943 etiam
907 888 975 947 ad
998 890 1188 943 Persas
1214 887 1457 944 retuliffe
1477 888 1787 965 imperium
1814 893 1920 948 Da·
1953 908 1961 919 “

188 979 305 1033 rius
331 980 536 1048 sexque
558 973 758 1047 reliqui
787 974 1064 1029 dicuntur.

747 1066 755 1094 ὅ

331 1106 414 1162 CI.
450 1103 719 1160 Maxime.

325 1235 445 1291 Ath.
484 1232 786 1290 Videamus
813 1228 985 1300 igitur
1009 1229 1293 1302 sequentes
1318 1231 1654 1286 orationem.
1718 1235 1920 1290 Darius

187 1323 337 1378 enim
374 1338 556 1392 neque
591 1316 734 1386 regis
782 1315 892 1369 fuit
924 1315 1076 1368 filius
1117 1335 1303 1388 neque
1355 1318 1592 1373 delicata
1631 1320 1921 1393 disciplina

186 1411 480 1471 educatus,
545 1403 634 1455 sed
679 1402 746 1454 ad
792 1401 1095 1472 imperium
1139 1405 1419 1473 aggressus
1457 1403 1646 1476 idque]
1682 1408 1950 1481 adeptus*

185 1513 314 1549 cum
357 1494 457 1558 sex
498 1488 614 1540 aliis
647 1486 705 1540 in
739 1487 946 1558 septem
981 1497 1170 1559 partes
1212 1488 1420 1556 divisit,
1471 1508 1713 1561 quarum
1766 1512 1920 1546 nunc

182 1581 367 1635 adhuc
418 1574 650 1643 exiguae
697 1572 933 1626 umbrae
974 1574 1210 1641 restant,
1270 1574 1487 1646 legibus
1522 1577 1649 1631 latis
1686 1578 1920 1633 instituit

181 1662 644 1739 gubernationem
713 1657 1105 1728 aequalitatem
1180 1663 1466 1730 quandam
1548 1681 1916 1720 communem

182 1749 481 1809 inducens,
564 1753 618 1796 et
669 1741 1032 1813 partitionem
1091 1763 1262 1814 quam
1320 1747 1506 1819 Cyrus
1559 1749 1740 1805 Perfis
1784 1752 1918 1824 pol-

184 1837 368 1890 licitus
426 1839 547 1884 erat
583 1830 702 1899 lege
742 1826 1028 1895 definivit,
1080 1830 1380 1884 amicitiam
1423 1835 1701 1904 praebens
1749 1847 1920 1908 atque

183 1915 641 1974 communitatem
682 1912 943 1966 omnibus
982 1914 1178 1974 Pei-fis,
1219 1915 1458 1988 pecunia
1497 1926 1556 1970 et
1587 1922 1918 1976 muneribus

183 2006 483 2060 Persarum
524 1999 801 2071 populum
832 1997 926 2051 fibi
962 2000 1300 2066 concilians3
1337 2001 1599 2073 quocirca
1638 2010 1920 2061 exercitus

184 2109 316 2148 cum
350 2084 725 2140 benivolentia
755 2085 1007 2154 regiones
1039 2087 1187 2140 haud
1216 2087 1512 2159 pauciores
1535 2107 1707 2161 quam
1731 2091 1918 2164 Cyrus

178 2174 487 2246 reliquerat
511 2173 558 2223 ei
585 2169 878 2240 acquisivit.
930 2173 1046 2240 post
1073 2172 1313 2226 Darium
1339 2174 1550 2228 Xerxes
1592 2177 1664 2229 ad
1699 2178 1914 2250 regiam

180 2272 238 2316 et
267 2260 562 2314 delicatam
597 2257 734 2309 item
772 2256 1118 2330 disciplinam
1155 2259 1452 2313 institutus.
1529 2261 1581 2314 O
1610 2262 1765 2330 Dari,
1803 2263 1916 2318 dici

179 2347 400 2403 sortasse
431 2342 723 2397 rectissime
774 2345 968 2414 potest,
1020 2345 1156 2416 Cyri
1209 2345 1590 2400 infortunium
1633 2357 1689 2401 te
1736 2347 1914 2419 fugit3

179 2432 416 2488 educasti
432 2430 580 2484 enim
597 2429 847 2483 Xerxem
860 2431 1035 2483 isdem
1050 2431 1304 2486 moribus
1328 2431 1529 2503 quibus
1545 2433 1725 2505 Cyrus
1738 2434 1916 2488 Cam-

177 2521 389 2593 bysem.
460 2518 555 2570 ille
589 2534 753 2578 vero,
804 2515 1013 2589 quippe
1038 2517 1143 2587 qui¹
1163 2518 1411 2572 eiusdem
1435 2513 1758 2591 disciplinae
1787 2520 1916 2574 alu-

179 2624 343 2660 mnus
376 2602 582 2666 fuerit,
623 2601 814 2654 similia
852 2602 1070 2673 peregit
1109 2613 1277 2674 atque
1315 2604 1623 2677 Cambyses
1648 2614 1915 2676 expertus

181 2699 332 2756 erat3
377 2698 429 2742 et
476 2707 547 2741 ex
580 2696 737 2740 tanto
774 2686 893 2741 fere
927 2687 1225 2743 intervallo
1270 2708 1376 2743 rex
1419 2691 1480 2743 in
1515 2690 1692 2744 Persis
1723 2691 1911 2744 nullus
1972 2677 1981 2691 ’

181 2791 419 2844 magnus
440 2773 636 2827 exstitit
663 2792 815 2841 vere,
853 2784 1248 2847 praeterquam
1274 2777 1522 2831 nomine.
1598 2776 1753 2830 cuius
1782 2777 1915 2847 qui-

182 2857 310 2912 dem
343 2858 427 2912 rei
460 2859 619 2911 causa
649 2877 767 2913 non
800 2859 1028 2913 fortuna
1060 2863 1158 2931 est,
1196 2871 1262 2916 ut
1290 2862 1469 2916 oratio
1497 2880 1624 2916 mea
1650 2862 1913 2928 declarat,

184 2938 276 2991 sed
297 2939 414 2993 vita
434 2959 608 3012 prava
637 2941 802 3015 quani
831 2947 1135 3001 admodum
1163 2948 1414 3003 divitum
1441 2958 1497 3001 et
1528 2957 1911 3020 tyrannorum
2006 3014 2008 3018 y

182 3022 286 3077 filii
312 3026 613 3079 maximam
642 3039 855 3099 partem
877 3033 1116 3106 degunt3
1155 3053 1471 3107 numquam
1503 3032 1654 3088 enim
1668 3032 1790 3087 fieri
1811 3051 1910 3103 po-

185 3109 279 3161 test
306 3117 367 3160 ut
390 3127 531 3180 puer
555 3120 608 3164 et
639 3113 726 3166 vir
748 3125 804 3168 et
823 3117 992 3173 senex
1015 3121 1112 3175 tali
1140 3140 1214 3174 ex
1232 3119 1566 3172 educatione
1590 3116 1911 3191 proficisca-

183 3204 278 3246 tur
317 3194 383 3247 ad
424 3194 687 3250 virtutem
711 3192 967 3270 infigujse,
1019 3223 1161 3276 quae
1189 3205 1444 3279 quidem‚·
1476 3203 1735 3270 dicimus,
1771 3204 1908 3275 legis
2006 3210 2014 3223 “

183 3278 417 3338 latorem
441 3290 699 3353 reputare
714 3295 950 3356 oportet,
962 3299 1016 3343 et
1040 3310 1137 3346 nos
1154 3309 1377 3364 quoque
1401 3291 1461 3347 in
1481 3288 1813 3366 praesentia.
1851 3297 1908 3341 at
