2132 3652
421 224 439 313 *A
569 218 576 227 ’
716 223 1091 281 LEGES
1161 224 1232 280 v.
1571 288 1575 298 ,
1744 200 1856 300 ’399

124 371 206 426 cis
235 367 562 444 peragenda,
598 383 951 439 quocumque
988 364 1274 419 videbitur
1312 359 1677 420 commodum
1714 371 1851 434 esse;

125 458 202 511 fin
237 463 421 509 antem
453 461 646 506 contra
679 451 882 507 fluctus
928 451 1232 525 aliquando
1267 450 1486 504 acceffit
1523 451 1846 506 eluvionem

8 598 17 617 ›„
124 537 363 595 afferens
392 538 484 590 vel
518 538 792 611 pernicies
827 556 928 611 per
966 538 1193 598 morbos
1233 536 1326 589 vel
1362 536 1508 590 bella
1544 545 1757 609 parata,
1797 547 1854 590 et

26 648 39 662 ³
107 618 302 682 inulto
323 623 614 697 pauciores
637 640 805 693 quam
836 641 1104 676 numerus
1121 625 1349 677 statutus
1368 621 1602 703 postulat
1616 632 1854 697 propter

123 709 423 766 orbitatem
456 706 799 774 exstiterunt,
836 708 985 762 ultro
1019 708 1249 780 quidem
1287 728 1404 764 non
1440 716 1663 781 oportet
1701 707 1851 761 cives

122 795 407 869 interponi
443 792 760 847 adulterina
799 792 1088 866 disciplina
1122 793 1429 858 institutos,
1468 802 1719 848 attamen
1748 812 1856 847 ne-

108 877 417 937 'oeffitatem
444 898 513 932 ne
550 877 686 932 deus
713 877 937 951 quidem
959 896 1156 950 cogere
1176 883 1323 954 poffe
1350 878 1573 932 dicitur.
1612 878 1720 933 hoc
1745 871 1855 951 igi-

43 982 45 986 ’
122 976 216 1021 tur
248 967 559 1020 sermonem
604 983 754 1018 nunc
799 963 1112 1019 institutum
1137 984 1237 1020 nos
1273 964 1523 1019 dicamus
1547 964 1854 1018 admonere

124 1045 401 1104 dicentem
439 1052 489 1104 O
518 1049 776 1103 virorum
813 1049 1068 1103 omnium
1108 1048 1327 1123 optimi,
1364 1048 1778 1103 fimilitudinem
1801 1060 1857 1103 et

123 1136 514 1205 aequalitatem
567 1145 623 1188 et
666 1135 819 1189 idem
866 1144 919 1188 et
959 1136 1389 1189 consentaneum
1428 1152 1503 1186 ne
1543 1135 1856 1188 secundum

126 1230 384 1275 naturam
420 1222 604 1275 colere
643 1221 903 1293 negligite
938 1231 994 1275 et
1015 1221 1072 1275 in
1098 1238 1338 1275 numero
1361 1228 1416 1272 et
1437 1219 1499 1273 in
1521 1219 1679 1273 omni
1719 1221 1856 1293 pul-

127 1307 394 1360 chrarum
426 1317 483 1359 et
514 1306 788 1361 bonarum
823 1326 1028 1378 rerum⁴
1049 1307 1139 1374 νίς
1176 1316 1343 1378 atque
1379 1304 1547 1357 etiam
1573 1324 1727 1359 nunc
1746 1323 1858 1359 nu-

127 1410 347 1446 merum
388 1390 637 1465 primum
668 1410 888 1445 omnem
916 1411 1018 1465 per
1043 1391 1224 1445 vitam
1246 1392 1465 1443 servate
1486 1389 1597 1444 iam
1624 1389 1855 1458 dictum,

128 1476 332 1531 deinde
357 1492 527 1549 opum
564 1475 922 1529 altitudinem
959 1486 1016 1529 et
1045 1475 1504 1548 magnitudinem,
1544 1494 1713 1547 quam
1736 1477 1859 1550 pri-

125 1580 222 1616 mo
236 1562 583 1615 moderatam
601 1559 965 1629 distribuistis,
982 1579 1054 1614 ne
1068 1560 1296 1615 laedatis
1320 1570 1569 1615 ementes
1581 1561 1731 1630 inter
1755 1582 1858 1617 vos

129 1657 187 1701 et
233 1648 572 1712 vendentes3
610 1665 797 1717 neque
840 1647 987 1702 enim
1013 1647 1110 1720 qui
1135 1650 1341 1703 sortem
1367 1646 1568 1702 tribuit
1589 1648 1724 1701 deus
1754 1667 1860 1702 vo-

128 1731 213 1785 bis
246 1732 463 1784 auxilio
500 1730 624 1798 erit,
660 1751 843 1802 neque
883 1732 1017 1803 legis
1044 1733 1221 1800 lator3
1258 1752 1410 1786 nunc
1433 1733 1580 1787 enim
1607 1733 1860 1806 primum

129 1834 260 1870 eum
285 1817 382 1886 qui
409 1834 521 1868 non
550 1815 905 1890 obtemperat
940 1816 1074 1888 legis
1111 1817 1495 1890 praescripti0‚
1530 1817 1861 1889 praedicens

131 1921 196 1953 ea
222 1900 563 1967 conditione,
601 1901 698 1972 qui
735 1901 888 1967 velit,
926 1901 1111 1955 sortiri
1149 1910 1391 1954 autnon
1430 1901 1638 1970 sortiri,
1680 1903 1860 1973 docet,

130 1986 386 2060 primum
412 1987 620 2039 sacram
647 1990 748 2040 effe
775 1997 983 2040 terram
1011 1986 1270 2040 omnibus
1296 1985 1421 2053 diis,
1457 1985 1660 2040 deinde
1686 1989 1859 2042 sacer·

131 2073 304 2137 dotes,
343 2082 457 2125 tam
499 2069 643 2121 viros
678 2087 847 2141 quam
891 2072 1174 2137 muliereS‚
1211 2072 1559 2143 precationes
1598 2070 1862 2145 interpo-

131 2158 328 2211 situros
375 2161 480 2210 esse
519 2155 716 2227 primis
753 2166 803 2211 et
848 2158 1098 2212 secundis
1132 2166 1187 2210 et
1220 2156 1399 2210 tertiis
1434 2155 1745 2225 sacrificiis,
1797 2167 1863 2212 ut

133 2252 358 2315 emptor
389 2243 478 2295 vel
516 2241 778 2296 venditor
821 2263 1017 2298 eorum
1064 2262 1206 2316 quae
1254 2244 1400 2295 sorte
1447 2251 1641 2296 nactus
1687 2243 1865 2298 fuerit

132 2327 540 2382 domiciliorum
570 2330 660 2382 vel
676 2331 1027 2400 praediorum
1054 2330 1185 2382 iusta
1206 2327 1484 2382 afficiatur
1503 2346 1700 2399 poena.
1723 2329 1863 2383 haec

134 2423 323 2467 autem
354 2412 553 2467 litteris
583 2418 894 2487 consignata
937 2415 998 2467 in
1046 2411 1265 2486 templis
1305 2421 1522 2485 ponent
1555 2415 1863 2486 cupi-effina

133 2508 504 2553 monumenta
529 2498 587 2551 in
617 2501 983 2573 posteritatem
1015 2500 1247 2572 scripta;
1285 2507 1578 2569 praeterea
1597 2498 1862 2569 vigiliam,

136 2592 205 2637 ut
233 2582 369 2637 haec
405 2582 573 2647 fiant,
613 2587 1010 2640 custodientem
1046 2584 1097 2638 ei
1133 2583 1473 2655 magistratui
1501 2582 1731 2637 tradent
1764 2583 1864 2656 qui

139 2669 410 2723 acerrime
431 2669 707 2725 videbitur
734 2691 982 2732 cernere,
1008 2691 1093 2736 ne,
1122 2674 1156 2724 fi
1178 2689 1287 2741 qua
1306 2669 1364 2724 in
1389 2670 1529 2740 haec
1543 2679 1864 2743 peccentur,

141 2752 286 2825 ipsos
314 2753 494 2819 lateat,
530 2756 619 2809 sed
651 2756 908 2829 castigent
936 2758 1093 2810 simul
1118 2756 1225 2829 legi
1251 2765 1305 2808 et
1323 2756 1427 2809 deo
1456 2755 1862 2811 adversantem.

145 2846 418 2908 quantum
442 2826 593 2893 enim
614 2841 823 2897 bonum
846 2842 1070 2914 fitquod
1097 2860 1245 2895 nunc
1268 2839 1714 2913 praescripsimus
1737 2859 1867 2894 om-

144 2922 306 2976 nibus
335 2922 642 2980 civitatibus
680 2926 1195 3001 obtemperantibus
1225 2927 1262 2982 s1
1295 2925 1739 2981 constitutionem
1775 2942 1867 2976 as-

149 3005 440 3078 sumpserit
474 3009 926 3079 consentaneam,
964 3014 1261 3068 secundum
1295 3022 1453 3066 vetus
1496 3007 1866 3082 proverbium

148 3091 338 3146 nullus
366 3109 630 3163 umquam
660 3097 836 3150 malus
858 3098 1136 3169 intelliget,
1163 3099 1250 3153 sed
1273 3099 1484 3172 peritus
1503 3093 1867 3165 modestisquo

150 3177 402 3233 moribus
439 3175 747 3249 praeditum
785 3182 1046 3248 quaestus
1071 3185 1218 3238 enim
1256 3180 1496 3237 studium
1524 3196 1709 3249 neque
1734 3177 1867 3250 inest

152 3281 420 3335 magnum
451 3262 511 3317 in
545 3262 862 3318 huiusmodi
906 3268 1289 3323 constitutione
1334 3266 1494 3336 eiquo
1532 3263 1867 3335 consequens
