2176 3672
751 26 783 98 *k

1771 142 1834 209 75

106 304 196 343 rea
207 279 547 342 carminibus
568 278 804 337 choricis
820 278 1009 335 senten
1018 276 1152 334 tiam
1168 273 1322 332 illam
1342 275 1640 347 celebrent,
1660 299 1833 338 unam

106 381 160 427 et
180 369 414 428 eandem
441 371 546 423 effe
576 367 753 425 vitam
777 367 972 423 iustam
1001 374 1061 420 et
1085 363 1414 423 iucundam.
1452 364 1626 438 (666).
1684 366 1836 439 Quia

106 472 243 511 vero
267 452 514 508 seniores
532 472 724 508 coram
738 451 1036 507 hominum
1052 434 1417 506 multiludine
1441 468 1644 504 canere
1669 469 1840 504 vere-

105 540 333 605 buntur,
371 539 569 594 vinum
600 557 712 612 quo
743 538 1013 611 reliquise
1033 535 1416 604 abstinebunt,
1451 535 1837 590 adhibendum

105 626 238 693 erit,
276 635 342 680 ut
361 626 659 680 senectutis
683 624 943 679 severitas
972 633 1030 678 et:
1051 623 1323 678 acerbitas
1349 621 1665 694 mitigetur,
1706 620 1841 694 ipfi-

102 729 216 782 que
247 712 401 764 senes
434 710 504 764 ad
541 710 859 765 canendum
894 709 1046 763 inter
1079 708 1387 763 familiares
1415 706 1724 763 reddantur
1747 704 1843 760 fa-

105 797 327 852 ciliores
358 798 526 869 (668).
598 797 719 851 Iam
756 796 795 848 si
833 795 1153 867 quaeritur,
1204 794 1487 868 quodnam
1522 792 1842 847 carminum

105 900 281 954 genus
297 884 451 936 senes
473 882 685 948 deceat,
712 891 859 946 ante,
888 880 1021 952 quid
1038 880 1183 953 poesi
1199 881 1326 935 etin
1342 879 1669 933 universum
1701 864 1842 931 mu-

105 970 243 1023 sicae
260 969 602 1042 propositum
642 968 729 1028 fit.
770 965 984 1039 exponi
1011 966 1192 1019 debet.
1268 964 1437 1037 Quae
1458 961 1704 1016 iucunda
1733 981 1838 1015 vo-

108 1072 322 1121 camus,
359 1073 424 1107 ea
451 1052 543 1105 vel
565 1051 681 1105 sola
703 1051 1050 1106 iucunditate
1082 1051 1484 1123 voluptateque
1513 1047 1596 1100 vel
1629 1046 1845 1118 verita-

106 1147 167 1191 te
197 1138 291 1191 vel
313 1138 552 1192 utilitate
585 1138 873 1203 nituntur-3
912 1137 1071 1189 velut
1101 1135 1369 1193 alimenta
1389 1152 1494 1209 per
1514 1133 1570 1185 se
1595 1130 1847 1187 iucunda

107 1230 196 1287 et,
231 1222 268 1275 fi
292 1222 563 1289 talum-ia,
600 1222 768 1277 etiam
790 1240 922 1276 vera
938 1259 957 1284 ‚
992 1230 1145 1276 recta
1170 1230 1230 1275 et
1250 1220 1407 1275 utilia
1429 1219 1589 1285 sunt3
1629 1217 1844 1274 doctri-

104 1325 184 1364 na
224 1323 331 1378 per
362 1307 434 1360 ‘se
479 1307 730 1363 iucunda
780 1317 861 1370 et,
926 1310 963 1363 si
1008 1309 1331 1373 adssverum
1374 1307 1615 1380 spectat,
1673 1303 1844 1359 etiam

106 1410 246 1447 vera
277 1402 333 1447 et
372 1393 526 1451 utilis
565 1395 668 1463 est;
716 1394 934 1470 pariter
965 1403 1114 1450 artes
1136 1392 1467 1448 imitatrices
1492 1390 1844 1464 voluptatem

101 1476 439 1551 respiciunt,
488 1499 798 1551 earumque
836 1479 1044 1541 veritas
1085 1479 1452 1536 similitudine
1491 1476 1730 1540 nititur,
1779 1487 1846 1532 ut

0 1572 8 1582 '
101 1563 216 1618 sola
257 1564 546 1638 voluptate
580 1566 812 1621 iudicari
850 1586 969 1621 non
996 1567 1254 1627 debeant.
1329 1564 1544 1626 Eadem
1570 1563 1644 1642 est
1666 1562 1841 1636 poefffis

103 1658 160 1703 et
184 1651 421 1705 musicae
444 1650 615 1718 ratio,
652 1671 799 1725 quae
830 1651 889 1707 in
926 1653 1136 1708 artium
1173 1651 1562 1712 imitatricium
1601 1668 1846 1712 numero

105 1735 245 1789 sunt.
315 1737 379 1790 In
406 1738 665 1793 omnibus
690 1759 845 1810 νριό,
869 1757 1014 1811 quae
1039 1739 1313 1795 imitando
1339 1737 1520 1793 efficta
1543 1732 1688 1806 fimtg
1717 1739 1845 1810 pri...

102 1837 283 1882 mum,
307 1822 442 1892 quid
475 1827 534 1876 fit
554 1824 712 1892 illud,
739 1827 888 1895 quod
920 1825 1237 1880 imitatione
1263 1829 1582 1899 expressum
1604 1824 1686 1892 fit,
1710 1841 1845 1896 cog-
1890 1878 1893 1881 ,

105 1905 348 1972 noscere,
385 1907 588 1962 deinde
613 1929 685 1964 an
709 1930 857 1976 vere,
885 1910 1146 1983 denique,
1173 1905 1485 1983 pulchrene
1506 1907 1714 1963 artifex
1727 1909 1846 1964 fin-
1926 1936 1931 1963 ς

101 1991 307 2056 :tetih¹
333 1994 683 2048 considerare
717 2016 821 2050 nos
860 2006 1095 2069 oportet.
1171 1994 1434 2051 Pluribus
1473 1993 1739 2068 deinceps
1774 1996 1844 2049 de

106 2077 311 2131 artium
335 2078 484 2131 inter
508 2081 562 2133 se
587 2091 789 2137 natura
816 2084 1245 2138 coniunctarum
1266 2078 1616 2155 separatione
1632 2080 1846 2153 poeffis-

105 2181 215 2236 que
254 2182 318 2216 ac
362 2166 598 2218 musicae
635 2168 1043 2239 depravatione
1072 2168 1323 2225 subiectis
1337 2202 1356 2229 ‚
1405 2168 1565 2219 senes
1599 2162 1759 2220 docet
1782 2168 1859 2222 in·

36 2262 39 2269 '
103 2250 309 2306 mufica
346 2249 648 2323 praecipue
687 2254 913 2308 numeri
953 2264 1011 2307 et
1030 2252 1360 2308 harmoniae
1386 2251 1595 2323 peritos
1618 2255 1721 2306 effe
1744 2253 1843 2306 de·-

102 2335 268 2405 bere,
303 2346 366 2390 ut
400 2334 652 2390 carmina
685 2348 995 2411 cantusque
1028 2338 1280 2393 iudicare
1319 2347 1405 2406 et,
1442 2355 1589 2409 quae
1630 2337 1845 2395 fibimet

99 2421 225 2496 ipfis
242 2421 486 2479 maxime
515 2423 851 2479 conveniant
866 2424 1182 2498 quibusque
1196 2426 1544 2479 iuventutem
1562 2424 1840 2497 erudiant,

101 2510 305 2585 posfint
336 2507 551 2581 eligere.
626 2496 810 2583 Atque
842 2530 1016 2584 quum
1054 2513 1192 2567 vino
1215 2510 1436 2564 animus
1459 2510 1742 2567 molliatur
1761 2514 1843 2569 ita

106 2605 175 2649 ut
198 2593 414 2651 facilius
436 2596 552 2665 regi
578 2597 766 2669 ponit,
803 2599 1147 2669 compotatio
1170 2597 1418 2651 maxime
1444 2595 1647 2651 idonea
1671 2600 1744 2652 est
1770 2601 1842 2655 ad

106 2678 461 2735 iuventutem
490 2682 842 2737 educandam
868 2684 1098 2756 eiusque
1134 2681 1427 2737 audaciam
1452 2683 1836 2742 luxuriantem

107 2767 576 2846 comgescendam.
652 2769 1021 2843 Quapropter
1058 2769 1190 2843 legis
1226 2770 1373 2823 lator
1410 2771 1842 2841 compotationis

110 2849 252 2920 leges
274 2851 425 2906 dabit
448 2854 513 2906 ad
540 2846 943 2910 verecundiam
965 2856 1115 2910 illam
1143 2853 1508 2926 turpitudinis
1533 2858 1843 2928 spectantes

111 2932 283 3002 (678).
350 2936 544 3008 Itaque
566 2940 788 3008 vinum,
826 2942 978 3011 quod
1000 2941 1095 2997 alii
1121 2939 1367 2995 insaniae
1395 2940 1558 2996 causa
1585 2941 1839 3001 hominit-

114 3020 217 3072 bus
245 3022 349 3075 effe
370 3022 641 3078 tributum
668 3026 880 3087 dicunt,
906 3046 1010 3099 pro
1036 3026 1247 3100 optimo
1274 3025 1667 3093 verecundiae,
1691 3028 1842 3083 sani-

115 3104 242 3158 tatis
286 3104 608 3178 ruborisque
651 3111 898 3165 remedio
953 3112 1147 3168 haberi
1185 3122 1434 3184 oportet,
1490 3121 1544 3165 et
1562 3150 1577 3177 ,
1629 3111 1663 3165 fi
1702 3094 1841 3169 fines

116 3189 252 3243 certi
295 3189 634 3262 terminique
675 3195 1106 3265 constituantur,
1150 3199 1308 3254 causa
1342 3216 1459 3253 non
1495 3198 1566 3253 est
1602 3217 1701 3260 cur
1724 3198 1841 3258 eius

116 3278 245 3329 usus
272 3274 617 3347 reprobetur.
