2176 3672
804 184 1191 260 LEGES
1264 201 1355 255 111.
1845 207 1943 282 ¹49

191 366 370 426 peres
398 345 630 419 quidem
664 345 812 401 hanc
848 344 922 400 ob
961 345 1183 400 causam
1227 362 1343 398 non
1382 344 1512 397 sane
1546 356 1736 411 erant,
1778 368 1880 403 nec
1908 370 1942 404 a

200 442 534 510 paupertate
557 432 732 487 coacti
746 432 897 486 inter
910 432 969 484 se
984 428 1312 484 disfidebant
1323 449 1342 497 3
1378 447 1483 483 nec
1499 446 1771 501 umquam
1790 433 1940 487 divi-

199 516 430 574 tesfieri
451 525 716 589 poterant
739 515 949 590 quippe
978 534 1163 587 neque
1185 534 1392 570 aurum
1419 532 1603 586 neque
1637 527 1934 588 argentum

197 605 482 660 habentes.
498 603 606 656 hoc
619 621 754 656 vero
768 612 901 656 tunc
912 601 1064 675 apud
1082 599 1206 654 illos
1218 602 1432 673 praesto
1445 611 1580 655 erat:
1593 599 1654 655 in
1667 620 1937 674 quacum-

195 709 308 763 que
332 690 559 744 civitate
578 707 762 760 neque
789 687 1016 743 divitiae
1029 705 1211 760 neque
1225 696 1526 759 paupertas
1546 690 1933 759 reperiuntur,

195 776 260 830 in
278 775 385 830 hac
404 774 526 829 fere
544 772 810 827 iustiffimi
833 772 1274 834 florent'mores;
1317 792 1501 845 neque
1522 773 1673 828 enim
1689 775 1937 831 insolen-

196 862 277 915 tia
297 878 478 932 neque
500 859 785 924 iniustitia,
823 879 1008 933 neque
1029 859 1198 913 etiam
1229 858 1634 912 aemulationes
1652 846 1939 916 invidiae-

200 965 312 1019 que
334 947 395 1000 in
424 965 489 999 ea
511 948 836 999 nascuntur.
873 946 1008 1000 boni
1029 945 1202 1017 igitur
1230 952 1285 996 et
1305 942 1394 997 his
1416 943 1484 996 de
1513 945 1684 998 caufis
1715 957 1771 1000 et
1795 967 1939 1022 pro-

199 1042 330 1105 pter
360 1030 766 1104 simplicitatem
813 1050 958 1102 quae
994 1031 1200 1084 dicitur
1242 1038 1438 1095 erant3
1477 1047 1618 1098 quae
1653 1031 1801 1086 enim
1831 1051 1939 1086 au-

200 1117 429 1170 diebant
451 1116 601 1169 mala
626 1127 684 1171 et
704 1117 925 1188 turpia,
965 1135 1029 1169 ea
1058 1134 1163 1190 pro
1188 1112 1535 1186 simplicitate
1557 1116 1657 1169 sua
1687 1116 1940 1171 arbitra-

179 1202 407 1263 ,bantur
429 1200 702 1255 verissima
725 1200 833 1254 dici
858 1210 912 1254 et
939 1199 1459 1274 persuadebantur3
1495 1218 1742 1274 namque
1772 1221 1940 1257 men-

199 1287 421 1341 dacium
446 1286 725 1358 suspicari,
762 1286 914 1357 quod
942 1284 1243 1358 sapientiae
1267 1286 1341 1338 est
1361 1303 1515 1339 nunc
1535 1285 1792 1357 vigentis,
1828 1306 1938 1343 ne-

198 1393 295 1426 mo
315 1371 534 1438 sciebat,
546 1372 634 1424 sed
663 1373 732 1426 de
758 1372 858 1425 diis
875 1381 927 1424 et
941 1369 1260 1423 hominibus
1286 1387 1431 1441 quae
1453 1370 1787 1445 dicebantur
1800 1392 1936 1428 vera

197 1458 568 1511 existimantes
591 1457 660 1508 ad
685 1456 826 1509 haec
871 1457 1047 1511 vitam
1085 1458 1249 1514 fuam
1279 1455 1740 1523 conformabant;
1789 1478 1935 1531 quo-

197 1542 344 1599 circa
363 1544 496 1597 tales
524 1542 693 1613 plane
717 1553 879 1596 erant
902 1542 1091 1613 quales
1115 1561 1220 1595 nos
1242 1540 1415 1596 modo
1444 1542 1841 1616 descripfimus.

346 1668 435 1726 CI.
471 1667 619 1724 Mihi
645 1668 874 1740 quidem
905 1678 960 1722 et
985 1668 1119 1723 huic
1142 1668 1220 1722 ita
1244 1670 1386 1725 haec
1413 1669 1698 1726 videntur.

336 1796 473 1855 Ath.
524 1795 790 1850 Diximus
826 1814 991 1859 vero,
1040 1795 1297 1852 homines
1337 1799 1545 1853 multas
1583 1806 1791 1852 aetates
1831 1799 1937 1853 hoc

201 1884 371 1940 modo
396 1883 644 1936 viventes
668 1881 746 1934 eis
768 1882 865 1951 qui
888 1890 1018 1934 ante
1050 1882 1372 1937 eluvionem
1409 1883 1628 1938 suerint
1656 1892 1710 1935 et
1740 1883 1817 1936 eis
1842 1885 1936 1955 qui

204 1988 352 2025 nunc
378 1970 485 2021 fiat
514 1968 770 2020 rudiores
799 1964 1030 2037 quidem
1069 1975 1123 2018 et
1147 1966 1520 2038 imperitiores
1546 1985 1722 2038 quum
1749 1967 1819 2021 ad
1844 1987 1938 2022 re-

201 2058 380 2126 liquas
405 2061 548 2107 artes
584 2049 743 2104 fuiffe
788 2059 907 2102 tum
942 2050 1012 2102 ad
1038 2050 1257 2104 bellicas
1285 2071 1596 2124 omnesque
1619 2070 1764 2124 quae
1787 2062 1938 2108 terra

200 2141 459 2210 marique
489 2155 644 2192 nunc
683 2144 1015 2189 exercentur
1050 2144 1107 2188 et
1146 2154 1531 2208 quaecumque
1549 2138 1609 2192 in
1639 2138 1782 2192 urbe
1806 2149 1939 2194 tan-

201 2238 324 2282 tum
353 2223 693 2288 factitantur,
730 2220 828 2273 ubi
855 2218 1062 2272 iudicia
1101 2229 1155 2272 et
1183 2221 1469 2276 seditiones
1503 2222 1770 2279 dicuntur
1797 2235 1854 2278 et
1873 2245 1936 2280 re

200 2311 502 2383 verbisque
531 2326 724 2362 omnes
748 2305 1017 2360 adhibent
1050 2306 1340 2361 machinas
1363 2306 1431 2360 ad
1454 2307 1728 2362 maleficia
1757 2319 1812 2363 et
1838 2311 1935 2364 in-

200 2399 378 2454 iurias
412 2404 637 2450 mutuas
658 2391 1006 2450 inferendas,
1043 2390 1399 2463 simpliciores
1438 2403 1627 2447 autem
1653 2403 1707 2447 et
1731 2393 1935 2448 fortio-

202 2504 291 2539 res
311 2482 582 2554 fimulque
605 2475 1068 2552 temperantiores
1082 2476 1452 2550 omnibusque
1467 2478 1722 2550 partibus
1743 2480 1936 2536 iustio-

203 2588 324 2638 τρες
359 2568 516 2625 cuius
546 2563 774 2638 quidem
795 2561 877 2616 rei
904 2562 1122 2615 causam
1152 2560 1263 2618 iam
1289 2563 1717 2635 explicavimus.

345 2694 430 2752 cl.
466 2696 633 2751 Recte
656 2690 808 2746 dicis.

353 2823 480 2878 Am.
515 2821 677 2876 Dicta
708 2820 880 2893 igitur
900 2819 1040 2873 haec
1062 2818 1221 2873 nobis
1247 2821 1410 2875 sunto
1433 2831 1484 2874 et
1514 2839 1655 2893 quae
1682 2820 1938 2892 deinceps

214 2907 519 2976 sequuntur
552 2905 738 2959 omnia
774 2914 1138 2979 exponentur
1172 2906 1318 2960 hanc
1340 2907 1410 2959 ob
1430 2909 1666 2981 causam,
1706 2915 1770 2957 ut
1803 2921 1938 2974 cog-

217 2989 530 3052 noscamus,
579 2988 808 3057 quinam
845 2990 1170 3045 hominibus
1202 2990 1349 3047 illius
1383 2994 1575 3048 aetatis
1606 2994 1793 3063 legum
1819 3000 1940 3044 erat

220 3073 345 3127 usus
370 3082 423 3125 et
448 3072 569 3141 quis
595 3082 712 3125 erat
743 3074 923 3145 legum
954 3078 1112 3129 lator.

369 3198 453 3253 CI.
499 3197 577 3251 Ac
598 3196 738 3250 benc
764 3201 991 3268 quidem
1022 3203 1213 3259 dixisti.

364 3322 493 3380 Aah.
546 3324 656 3376 lam
684 3323 760 3378 illi
794 3326 1012 3396 quidem
1044 3349 1221 3403 neque
1242 3331 1564 3401 indigebant
1589 3333 1776 3402 legum
1805 3331 1942 3383 lato«
