2176 3672
841 111 1335 203 Lsscns1.
1660 159 1665 167 ,
1882 127 1956 198 ,μ

366 254 498 315 Actu.
538 250 716 319 Probe
740 251 1077 308 meministis.
1145 251 1603 325 quandoquidem
1626 272 1763 307 vero
1786 253 1958 309 forti-

222 338 475 394 tudinem
517 338 884 411 animumque
926 356 960 392 a
1005 337 1210 410 timore
1262 335 1512 391 alienum
1559 335 1621 408 in
1658 336 1956 405 timoribus

220 432 441 497 oportet
465 423 730 491 exerceri,
764 414 1229 480 considerandum
1254 425 1328 478 est
1342 441 1417 479 an
1440 420 1791 488 contrarium
1817 443 1956 479 con-

221 508 407 590 trariis
430 510 685 565 excolere
708 509 1016 564 conveniat.

364 636 447 693 Cl.
488 637 937 694 Consentaneum
973 635 1201 709 quidem
1229 639 1318 691 est.

357 762 495 821 Atlz.
534 765 600 819 In
625 765 826 837 quibus
841 764 1012 837 igitur
1031 762 1416 824 affectionibus
1437 747 1642 819 natura
1656 747 1955 819 sumus'in-

217 849 441 921 signiter
479 849 827 905 confidentes
877 860 931 903 et
967 847 1234 917 audaces',
1269 848 1332 903 in
1363 847 1482 915 his,
1529 857 1595 901 ut
1625 858 1806 920 patet,
1848 867 1955 903 ne·

216 935 440 990 cessaria
475 943 580 992 erit
618 935 992 1010 exercitatio,
1013 946 1267 1010 utquam
1302 933 1542 998 minime
1565 934 1730 987 fimus
1752 932 1953 1008 impu-
2016 956 2042 973 ”-

216 1020 413 1075 dentes
456 1031 514 1074 et
552 1020 783 1075 audacia
814 1020 1044 1084 referti,
1081 1019 1172 1074 sed
1207 1017 1392 1073 timidi
1418 1019 1489 1072 ad
1517 1018 1839 1092 turpeq'uid
1861 1018 1951 1072 di-

215 1106 461 1160 cendum
487 1107 579 1160 vel
602 1105 933 1180 patiendum
958 1106 1044 1160 vel
1070 1105 1240 1159 etiam
1263 1104 1605 1161 faciendum.

357 1233 438 1289 CI.
477 1233 715 1291 Videtur
739 1250 893 1290 vero,

350 1360 490 1418 Am.
527 1360 731 1415 Nonne
752 1359 890 1415 haec
915 1361 1044 1414 sunt
1068 1359 1258 1414 omnia
1282 1361 1344 1416 in
1367 1360 1567 1435 quibus
1596 1362 1734 1416 tales
1757 1361 1949 1415 sumus

210 1447 314 1514 ira,
351 1464 527 1511 amor,
559 1446 883 1518 petulantia,
914 1445 1146 1514 inscitia,
1174 1445 1319 1501 lucri
1346 1446 1620 1519 cupiditas
1652 1447 1949 1519 [ignavia],

212 1543 267 1586 et
294 1540 585 1606 praeterea
612 1531 783 1585 haec:
821 1531 1070 1598 divitiae,
1105 1528 1489 1605 pulchritud0‚
1528 1533 1703 1587 robur
1730 1542 1785 1585 et
1818 1551 1948 1586 om·-

210 1617 304 1672 nia
325 1635 469 1687 quae
493 1636 597 1690 per
623 1618 976 1691 voluptatem
1007 1617 1329 1673 ebrietatem
1352 1617 1677 1672 inducentia
1706 1605 1945 1671 demen-

207 1713 293 1757 tes
330 1722 433 1756 nos
471 1702 752 1759 reddunt?
789 1703 998 1772 horum
1032 1713 1224 1758 autem
1263 1705 1303 1757 fi
1339 1704 1588 1777 primum
1617 1703 1933 1777 periculum

207 1788 452 1843 volueris
475 1786 655 1842 facere
669 1789 799 1842 leve
827 1790 1159 1843 etinnocens
1183 1800 1238 1844 et
1258 1790 1457 1844 deinde
1469 1789 1933 1844 exercitationem

204 1872 502 1938 instituere,
530 1882 753 1945 praeter
768 1872 881 1926 vini
909 1873 1303 1944 probationem
1328 1884 1383 1928 et
1401 1873 1602 1927 ludum
1633 1891 1942 1946 quamnam

206 1957 480 2012 habemus
502 1958 843 2030 voluptatem
863 1959 1043 2012 dicere
1057 1959 1233 2031 magis
1246 1948 1601 2023 concinnam,
1618 1959 1655 2012 fi
1674 1958 1787 2012 ullo
1813 1976 1946 2010 mo-

208 2041 281 2095 do
309 2041 490 2096 cautio
515 2042 894 2096 adhibeatur?
935 2045 1225 2098 videamus
1260 2045 1442 2099 enim:
1492 2041 1779 2097 difficilem
1815 2041 1945 2095 ani-

208 2146 371 2182 mum
409 2136 464 2179 et
495 2130 793 2198 agrestem,
833 2147 863 2180 e
904 2147 1016 2200 quo
1055 2130 1490 2184 innumerabiles
1524 2127 1766 2183 iniuriae
1800 2128 1944 2180 exfi-

208 2215 354 2267 ssunt
378 2221 571 2266 utrum
598 2211 767 2265 tutius
796 2212 854 2264 in
887 2214 1110 2285 negotio
1138 2215 1380 2284 gerendo
1408 2224 1626 2267 tentare
1651 2212 1730 2265 ita
1752 2222 1818 2266 ut
1837 2230 1945 2284 pe-

205 2298 448 2353 riculum
488 2294 716 2363 subeaS,
764 2316 836 2349 an
870 2297 926 2350 in
961 2300 1377 2372 compotatione
1397 2298 1600 2354 Bacchi
1629 2295 1826 2351 diebus
1850 2294 1943 2350 fe-

207 2385 295 2439 stis
321 2382 602 2437 instituta?
657 2403 728 2436 an
750 2382 1003 2437 animum
1023 2384 1476 2440 'rebusVenereis
1492 2382 1942 2438 succumbentem

209 2469 508 2542 explorare
528 2466 605 2520 ita
634 2476 697 2520 ut
722 2465 860 2520 filias
882 2477 1004 2521 tuas
1035 2478 1088 2522 et
1109 2468 1252 2544 filios
1285 2478 1338 2524 et
1358 2488 1566 2524 uxores
1594 2468 1646 2523 ei
1675 2465 1941 2521 commit-

207 2565 290 2609 tas
316 2553 526 2625 tibique
561 2551 835 2606 carissima
870 2551 929 2605 in
965 2553 1281 2626 periculum
1310 2554 1548 2610 adducas
1572 2553 1745 2609 animi
1770 2552 1941 2607 indo-

208 2640 272 2694 lis
297 2637 630 2712 spectandae
654 2638 855 2692 causa?
892 2649 947 2691 et
969 2639 1268 2693 innumera
1287 2639 1415 2692 sane
1446 2638 1736 2712 proferens
1765 2657 1938 2693 num-

210 2742 378 2796 quam
412 2724 538 2777 satis
562 2723 951 2796 explicaveris,
990 2733 1199 2796 quanto
1231 2714 1599 2797 praestantius
1625 2726 1687 2780 sit
1709 2744 1813 2797 per
1842 2724 1938 2778 lu-

212 2808 348 2862 dum
389 2817 444 2862 et
470 2808 658 2863 iocum
685 2809 1082 2863 tantummodo
1105 2810 1218 2864 fine
1239 2810 1499 2864 mercede
1524 2796 1790 2863 damnosa
1813 2826 1937 2861 eam

212 2894 472 2963 spectare.
548 2903 715 2966 atque
738 2894 900 2947 etiam
930 2895 1037 2949 hoc
1060 2895 1247 2967 ipsum
1277 2895 1382 2949 hac
1400 2894 1460 2950 in
1485 2915 1549 2949 re
1580 2911 1765 2966 neque
1802 2891 1939 2946 Cre-

214 2986 297 3028 tes
324 2995 506 3047 neque
525 2978 653 3033 aliae
677 2979 818 3034 ullos
831 2979 1086 3034 homines
1112 2981 1452 3035 arbitramur
1475 2979 1820 3034 dubitaturos
1834 2979 1939 3032 effe

216 3060 350 3132 quin
375 3062 626 3132 probatio
650 3064 785 3117 haec
814 3074 1008 3119 mutua
1033 3067 1094 3119 fit
1123 3065 1544 3120 accommodata
1568 3073 1624 3117 et
1655 3060 1935 3117 facilitate·

218 3144 508 3199 securitate
534 3156 584 3199 ct
611 3149 887 3203 celeritate
916 3151 1145 3222 reliquis
1172 3152 1405 3224 praestet
1435 3146 1848 3205 tentationibus.
