2124 3672
865 208 1243 267 LEGES
1318 213 1363 263 Ι.
1904 230 1977 290 19

251 375 370 411 rem
395 354 578 411 virum
608 373 785 429 neque
808 355 1111 428 quicquam
1131 355 1185 410 ei
1204 353 1449 409 tribuam
1463 393 1479 415 .
1529 354 1697 410 etiam
1724 358 1759 411 fi
1782 358 1975 415 ditissi-

246 461 372 497 mus
401 442 695 496 hominum
729 444 806 506 fit,
844 440 1045 510 inquit,
1073 439 1241 492 etiam
1274 441 1309 491 s1
1334 442 1510 495 multa
1535 438 1683 495 bona
1704 444 1972 514 poffideat

253 530 613 597 (enumerans
641 526 761 581 fere
787 526 1029 597 omnia),
1071 524 1169 578 nifi
1205 524 1347 578 bello
1384 527 1895 600 praestantiffimum
1921 533 1976 585 se

252 615 470 685 semper
502 613 786 687 praebeat.
837 613 975 666 haec
1016 613 1167 665 enim
1197 621 1259 664 tu
1284 630 1508 685 quoque
1531 614 1643 668 fine
1673 612 1848 668 dubio
1871 635 1975 671 au·-

252 698 428 753 divisti
456 699 745 773 poemata3
785 717 916 752 nam
945 696 1114 764 hicce,
1152 696 1367 770 opinor,
1411 697 1483 748 eis
1509 697 1737 752 satiatus
1759 700 1846 755 est.

386 870 500 924 Me.
540 869 685 926 Sane
707 869 948 941 quidem.

391 1041 470 1095 CI.
512 1043 695 1112 Atque
721 1039 882 1093 etiam
911 1038 982 1093 ad
1013 1057 1113 1091 nos
1127 1047 1511 1109 pervenerunt
1524 1039 1687 1095 allata
1704 1035 1976 1097 Lacedae-

244 1145 426 1180 mone.

384 1295 520 1352 Ath.
559 1295 810 1366 Agedum
824 1295 1229 1363 interrogemus
1240 1311 1391 1347 nunc
1407 1292 1785 1350 communiter
1795 1292 1978 1352 hun-’c-

244 1400 307 1434 ce
331 1381 553 1454 poe'tam
583 1381 651 1433 fic
666 1379 822 1432 fere:
865 1381 914 1433 Ο
940 1382 1200 1451 Tyrtaee,
1235 1389 1399 1450 poeta
1423 1380 1795 1443 diviniffime}
1823 1382 1975 1437 vide-

241 1466 319 1520 ris
356 1467 507 1520 enim
540 1465 757 1539 sapiens
792 1466 953 1519 nobis
995 1469 1099 1519 effe
1129 1475 1296 1534 atque
1332 1464 1531 1530 bonne,
1572 1466 1710 1535 quia·
1729 1467 1881 1522 viros*
1898 1470 1975 1524 ad

238 1552 446 1606 bellum
498 1551 727 1622 insignes
766 1553 1049 1623 infigniier
1079 1550 1391 1617 celebrasti3
1437 1551 1548 1604 iam
1586 1569 1688 1623 ego
1717 1560 1770 1604 et
1797 1553 1898 1606 hic
1921 1563 1979 1608 et

239 1637 449 1692 Clinias
479 1637 703 1691 Cnofius
729 1638 1035 1692 admodum
1065 1636 1169 1689 tibi-
1189 1635 1299 1688 hoc
1324 1635 1684 1704 assentimur,
1716 1645 1784 1691 ut
1802 1648 1982 1712 puta-—

237 1742 401 1792 mus;
435 1743 576 1777 num
608 1743 748 1777 vero
781 1724 848 1778 de
875 1723 1054 1777 isdem
1084 1723 1387 1793 loquamur
1408 1722 1549 1776 viris
1571 1742 1779 1790 necne,v
1804 1726 1977 1780 volu·-

237 1827 363 1862 mus
399 1810 566 1881 plane
594 1810 751 1863 scire.
825 1810 913 1864 dic
935 1809 1108 1882 igitur
1134 1808 1321 1862 nobis:
1360 1808 1575 1862 duasne
1597 1809 1978 1884 belli-species,

237 1895 719 1965 quemadmodum
756 1914 882 1959 ηοε,
921 1895 1089 1948 sumis
1127 1904 1191 1948 tu
1226 1912 1451 1965 quoque
1477 1895 1684 1967 plane?
1720 1914 1792 1949 an
1816 1896 1978 1969 qnia?

236 1978 323 2032 Ad
357 1978 511 2044 haec,
549 1979 769 2050 opinor.
808 1980 974 2032 etiam
1006 1980 1172 2050 longe
1194 1978 1362 2030 vilim-
1383 1981 1636 2049 Tyrtaeo
1657 1975 1976 2051 respon'dea-
2047 2043 2053 2048 ,

237 2063 314 2116 rit
330 2061 386 2115 id
410 2063 558 2133 quod
589 2082 789 2117 verum
815 2065 903 2129 est,
942 2064 1097 2129 duas,
1135 2073 1190 2116 et
1212 2081 1383 2115 unam
1410 2062 1636 2132 quidem
1654 2081 1972 2137 eamquam

234 2148 593 2202 nominamus
635 2166 828 2201 omnes
869 2148 1207 2207 seditionem,
1246 2147 1396 2217 quod
1439 2147 1671 2216 quidem
1710 2149 1971 2204 omnium

233 2234 511 2288 bellorum
552 2232 956 2303 gravissimum,
1002 2243 1067 2284 ut
1106 2231 1276 2286 modo
1317 2230 1662 2292 dicebamuS,
1720 2233 1969 2288 alterum

233 2339 367 2374 vero
411 2317 543 2372 belli
589 2316 824 2388 speciem
868 2334 1176 2390 ponemus,
1224 2326 1290 2368 ut
1329 2316 1606 2378 arbitror,
1658 2336 1860 2372 omnes
1894 2319 1969 2374 :id

234 2425 407 2478 genus
447 2423 558 2477 quo
583 2403 843 2455 adversus
871 2412 1094 2456 exteros
1127 2411 1187 2454 et
1224 2402 1433 2455 alienos
1460 2402 1674 2457 utimur
1698 2402 1970 2469 disfiden-

235 2501 335 2559 tes,
372 2493 537 2563 longe
562 2489 658 2542 ino
682 2489 911 2559 quidem
934 2487 1144 2542 leniore
1168 2486 1276 2540 isto.

376 2655 458 2711 cc.
499 2616 761 2730 Quidni?

374 2825 509 2886 Am.
546 2830 665 2901 Age
697 2831 861 2894 dum,
906 2839 1060 2884 utros
1099 2842 1158 2886 et
1188 2842 1383 2886 utrum
1421 2830 1550 2887 belli
1574 2845 1753 2905 genus
1781 2833 1965 2908 respi-

237 2908 385 2965 ciens
411 2923 522 2968 tam
546 2915 705 2969 miris
729 2915 986 2971 laudibus
1009 2918 1209 2971 ornasti
1223 2960 1243 2985 ‚
1282 2920 1483 2971 alteros
1514 2936 1651 2970 vero
1681 2917 1836 2971 viro-
1866 2919 1973 2986 min-f

239 3000 534 3069 tuperasti‘l
579 3002 783 3056 videris
832 3001 980 3055 enim
1019 2999 1260 3056 laudasse
1292 3003 1361 3057 ad
1402 3003 1961 3059 externumbellum

236 3082 498 3153 insignem
536 3086 716 3150 dixisti
737 3097 888 3141 certe
908 3089 965 3141 in
998 3086 1336 3141 carminibus
1369 3098 1422 3142 te
1453 3089 1615 3142 nullo
1640 3088 1808 3143 modo
1825 3089 1960 3144 tales

236 3167 384 3219 latui
390 3187 481 3221 um
507 3170 608 3222 effe
642 3170 751 3238 Qui
779 3170 1246 3248 nonsustinerent
1275 3175 1506 3228 caedem
1544 3172 1733 3229 videre
1757 3194 1960 3230 cruen-

240 3261 359 3304 lam
390 3270 486 3304 nec
511 3250 682 3334 hostes
697 3243 834 3310 ador
839 3258 1057 3313 irenem·
1075 3278 1163 3332 pl(
1168 3260 1495 3334 vestatam.
1571 3256 1772 3312 Nonne
1797 3258 1961 3311 dein-

176 3372 183 3378 -
239 3337 307 3389 de
349 3337 602 3392 dicemus
646 3357 745 3392 nos
789 3342 875 3394 Tu
912 3342 1135 3412 quidem
1182 3343 1401 3407 laudas,
1455 3353 1520 3396 ut
1568 3350 1748 3414 patet,
1814 3341 1960 3408 Tys·

1507 3429 1546 3478 B
1585 3433 1618 3481 2
