<?xml version="1.0" encoding="UTF-8"?>
<!DOCTYPE html PUBLIC "-//W3C//DTD XHTML 1.0 Transitional//EN"
    "http://www.w3.org/TR/xhtml1/DTD/xhtml1-transitional.dtd">
<html xmlns="http://www.w3.org/1999/xhtml" xml:lang="en" lang="en">
 <head>
  <title>
</title>
<meta http-equiv="Content-Type" content="text/html;charset=utf-8" />
  <meta name='ocr-system' content='tesseract 3.04.00' />
  <meta name='ocr-capabilities' content='ocr_page ocr_carea ocr_par ocr_line ocrx_word'/>
</head>
<body>
  <div class='ocr_page' id='page_1' title='image "./quaeexstantopera06plat_0119.png"; bbox 0 0 2176 3672; ppageno 0'>
   <div class='ocr_carea' id='block_1_1' title="bbox 0 3404 55 3672">
    <p class='ocr_par' dir='ltr' id='par_1_1' title="bbox 0 3404 55 3672">
     <span class='ocr_line' id='line_1_1' title="bbox 0 3404 55 3672; baseline 0 0"><span class='ocrx_word' id='word_1_1' title='bbox 0 3404 55 3672; x_wconf 95' lang='lat' dir='ltr'><strong> </strong></span> 
     </span>
    </p>
   </div>
   <div class='ocr_carea' id='block_1_2' title="bbox 848 116 2068 179">
    <p class='ocr_par' dir='ltr' id='par_1_2' title="bbox 848 116 2068 179">
     <span class='ocr_line' id='line_1_2' title="bbox 848 116 2068 179; baseline 0.001 -2"><span class='ocrx_word' id='word_1_2' title='bbox 848 116 1228 179; x_wconf 47' lang='lat' dir='ltr'><strong>LvssGEs</strong></span> <span class='ocrx_word' id='word_1_3' title='bbox 1300 118 1370 174; x_wconf 81' lang='lat'><strong>11.</strong></span> <span class='ocrx_word' id='word_1_4' title='bbox 1884 140 1976 178; x_wconf 73' lang='lat' dir='ltr'><strong>iu</strong></span> <span class='ocrx_word' id='word_1_5' title='bbox 2065 151 2068 160; x_wconf 35' lang='grc' dir='ltr'><em>ι</em></span> 
     </span>
    </p>
   </div>
   <div class='ocr_carea' id='block_1_3' title="bbox 250 238 1988 405">
    <p class='ocr_par' dir='ltr' id='par_1_3' title="bbox 250 238 1988 405">
     <span class='ocr_line' id='line_1_3' title="bbox 252 238 1986 339; baseline -0.006 -17"><span class='ocrx_word' id='word_1_6' title='bbox 252 260 852 339; x_wconf 74' lang='lat' dir='ltr'><strong>santurperffladendi</strong></span> <span class='ocrx_word' id='word_1_7' title='bbox 887 259 1004 321; x_wconf 83' lang='lat' dir='ltr'><strong>vim</strong></span> <span class='ocrx_word' id='word_1_8' title='bbox 1027 238 1266 326; x_wconf 72' lang='lat' dir='ltr'><strong>habene,</strong></span> <span class='ocrx_word' id='word_1_9' title='bbox 1304 275 1448 331; x_wconf 83' lang='lat' dir='ltr'><strong>quae</strong></span> <span class='ocrx_word' id='word_1_10' title='bbox 1477 258 1860 333; x_wconf 79' lang='lat' dir='ltr'><strong>pulcherrima</strong></span> <span class='ocrx_word' id='word_1_11' title='bbox 1893 249 1986 319; x_wconf 44' lang='lat' dir='ltr'><strong>(ka,-</strong></span> 
     </span>
     <span class='ocr_line' id='line_1_4' title="bbox 250 342 1988 405; baseline 0.001 -2"><span class='ocrx_word' id='word_1_12' title='bbox 250 368 392 405; x_wconf 75' lang='lat' dir='ltr'><strong>nens</strong></span> <span class='ocrx_word' id='word_1_13' title='bbox 428 349 677 403; x_wconf 79' lang='lat' dir='ltr'><strong>maxima</strong></span> <span class='ocrx_word' id='word_1_14' title='bbox 713 345 911 401; x_wconf 79' lang='lat' dir='ltr'><strong>efficiet</strong></span> <span class='ocrx_word' id='word_1_15' title='bbox 944 346 1138 401; x_wconf 72' lang='lat' dir='ltr'><strong>bona?</strong></span> <span class='ocrx_word' id='word_1_16' title='bbox 1174 364 1247 400; x_wconf 84' lang='lat' dir='ltr'><strong>an</strong></span> <span class='ocrx_word' id='word_1_17' title='bbox 1277 342 1424 399; x_wconf 87' lang='lat' dir='ltr'><strong>hanc</strong></span> <span class='ocrx_word' id='word_1_18' title='bbox 1447 351 1561 398; x_wconf 85' lang='lat' dir='ltr'><strong>tam</strong></span> <span class='ocrx_word' id='word_1_19' title='bbox 1587 343 1988 403; x_wconf 83' lang='lat' dir='ltr'><strong>inconfiderate</strong></span> 
     </span>
    </p>
   </div>
   <div class='ocr_carea' id='block_1_4' title="bbox 190 428 1986 506">
    <p class='ocr_par' dir='ltr' id='par_1_4' title="bbox 190 428 1986 506">
     <span class='ocr_line' id='line_1_5' title="bbox 190 428 1986 506; baseline -0.005 -15"><span class='ocrx_word' id='word_1_20' title='bbox 190 460 196 492; x_wconf 90' lang='lat'><strong>:</strong></span> <span class='ocrx_word' id='word_1_21' title='bbox 253 434 619 501; x_wconf 70' lang='lat' dir='ltr'><strong>dimittemus,</strong></span> <span class='ocrx_word' id='word_1_22' title='bbox 656 452 797 505; x_wconf 79' lang='lat' dir='ltr'><strong>quae</strong></span> <span class='ocrx_word' id='word_1_23' title='bbox 823 430 1335 506; x_wconf 86' lang='lat' dir='ltr'><strong>pulcherrimorum</strong></span> <span class='ocrx_word' id='word_1_24' title='bbox 1363 437 1419 484; x_wconf 87' lang='lat' dir='ltr'><strong>et</strong></span> <span class='ocrx_word' id='word_1_25' title='bbox 1433 428 1848 486; x_wconf 65' lang='lat' dir='ltr'>utilissimarum</span> <span class='ocrx_word' id='word_1_26' title='bbox 1868 453 1986 487; x_wconf 83' lang='lat' dir='ltr'><strong>car.</strong></span> 
     </span>
    </p>
   </div>
   <div class='ocr_carea' id='block_1_5' title="bbox 250 515 1110 605">
    <p class='ocr_par' dir='ltr' id='par_1_5' title="bbox 250 515 1110 605">
     <span class='ocr_line' id='line_1_6' title="bbox 250 515 1110 605; baseline -0.003 -32"><span class='ocrx_word' id='word_1_27' title='bbox 250 517 466 575; x_wconf 85' lang='lat' dir='ltr'><strong>minum</strong></span> <span class='ocrx_word' id='word_1_28' title='bbox 493 520 816 605; x_wconf 82' lang='lat' dir='ltr'><strong>potestatem</strong></span> <span class='ocrx_word' id='word_1_29' title='bbox 843 515 1110 572; x_wconf 74' lang='lat' dir='ltr'><strong>habebit?</strong></span> 
     </span>
    </p>
   </div>
   <div class='ocr_carea' id='block_1_6' title="bbox 252 628 1985 774">
    <p class='ocr_par' dir='ltr' id='par_1_6' title="bbox 252 628 1985 774">
     <span class='ocr_line' id='line_1_7' title="bbox 397 628 1985 704; baseline -0.002 -15"><span class='ocrx_word' id='word_1_30' title='bbox 397 632 479 689; x_wconf 86' lang='lat' dir='ltr'><strong>Cl.</strong></span> <span class='ocrx_word' id='word_1_31' title='bbox 533 632 608 688; x_wconf 82' lang='lat' dir='ltr'><strong>At</strong></span> <span class='ocrx_word' id='word_1_32' title='bbox 640 631 767 686; x_wconf 85' lang='lat' dir='ltr'><strong>fieri</strong></span> <span class='ocrx_word' id='word_1_33' title='bbox 808 649 920 685; x_wconf 89' lang='lat' dir='ltr'><strong>non</strong></span> <span class='ocrx_word' id='word_1_34' title='bbox 950 631 1123 704; x_wconf 83' lang='lat' dir='ltr'><strong>potest</strong></span> <span class='ocrx_word' id='word_1_35' title='bbox 1144 638 1209 685; x_wconf 87' lang='lat' dir='ltr'><strong>ut</strong></span> <span class='ocrx_word' id='word_1_36' title='bbox 1245 629 1627 691; x_wconf 78' lang='lat' dir='ltr'><strong>dimittamus,</strong></span> <span class='ocrx_word' id='word_1_37' title='bbox 1668 637 1733 683; x_wconf 83' lang='lat' dir='ltr'><strong>ut</strong></span> <span class='ocrx_word' id='word_1_38' title='bbox 1755 628 1985 701; x_wconf 88' lang='lat' dir='ltr'><strong>quidem</strong></span> 
     </span>
     <span class='ocr_line' id='line_1_8' title="bbox 252 719 1966 774; baseline -0.004 0"><span class='ocrx_word' id='word_1_39' title='bbox 252 736 407 774; x_wconf 85' lang='lat' dir='ltr'><strong>nunc</strong></span> <span class='ocrx_word' id='word_1_40' title='bbox 433 719 579 773; x_wconf 85' lang='lat' dir='ltr'><strong>dicta</strong></span> <span class='ocrx_word' id='word_1_41' title='bbox 605 719 916 772; x_wconf 83' lang='lat' dir='ltr'><strong>ostendunt.</strong></span> <span class='ocrx_word' id='word_1_42' title='bbox 1958 738 1966 742; x_wconf 89' lang='grc'><em>·</em></span> 
     </span>
    </p>
   </div>
   <div class='ocr_carea' id='block_1_7' title="bbox 252 819 1990 975">
    <p class='ocr_par' dir='ltr' id='par_1_7' title="bbox 252 819 1990 975">
     <span class='ocr_line' id='line_1_9' title="bbox 387 819 1990 906; baseline -0.003 -16"><span class='ocrx_word' id='word_1_43' title='bbox 387 819 535 890; x_wconf 70' lang='lat' dir='ltr'><strong>Alb.</strong></span> <span class='ocrx_word' id='word_1_44' title='bbox 585 831 887 906; x_wconf 87' lang='lat' dir='ltr'>Quomodo</span> <span class='ocrx_word' id='word_1_45' title='bbox 924 829 1099 904; x_wconf 81' lang='lat' dir='ltr'><strong>igitur</strong></span> <span class='ocrx_word' id='word_1_46' title='bbox 1133 830 1399 888; x_wconf 74' lang='lat' dir='ltr'><strong>decenter</strong></span> <span class='ocrx_word' id='word_1_47' title='bbox 1432 827 1491 886; x_wconf 85' lang='lat' dir='ltr'><strong>id</strong></span> <span class='ocrx_word' id='word_1_48' title='bbox 1518 826 1656 883; x_wconf 84' lang='lat' dir='ltr'><strong>fiet?</strong></span> <span class='ocrx_word' id='word_1_49' title='bbox 1694 827 1880 884; x_wconf 78' lang='lat' dir='ltr'><strong>videte</strong></span> <span class='ocrx_word' id='word_1_50' title='bbox 1913 848 1990 885; x_wconf 81' lang='lat' dir='ltr'><strong>an</strong></span> 
     </span>
     <span class='ocr_line' id='line_1_10' title="bbox 252 918 748 975; baseline -0.004 -1"><span class='ocrx_word' id='word_1_51' title='bbox 252 919 359 975; x_wconf 80' lang='lat' dir='ltr'><strong>hac</strong></span> <span class='ocrx_word' id='word_1_52' title='bbox 378 918 499 974; x_wconf 85' lang='lat' dir='ltr'><strong>fere</strong></span> <span class='ocrx_word' id='word_1_53' title='bbox 516 920 748 972; x_wconf 81' lang='lat' dir='ltr'><strong>ratione.</strong></span> 
     </span>
    </p>
   </div>
   <div class='ocr_carea' id='block_1_8' title="bbox 405 1031 840 1106">
    <p class='ocr_par' dir='ltr' id='par_1_8' title="bbox 405 1031 840 1106">
     <span class='ocr_line' id='line_1_11' title="bbox 405 1031 840 1106; baseline -0.002 -19"><span class='ocrx_word' id='word_1_54' title='bbox 405 1032 490 1087; x_wconf 88' lang='lat' dir='ltr'><strong>Cl.</strong></span> <span class='ocrx_word' id='word_1_55' title='bbox 532 1032 794 1106; x_wconf 81' lang='lat' dir='ltr'><strong>Quanam</strong></span> <span class='ocrx_word' id='word_1_56' title='bbox 812 1031 840 1086; x_wconf 78' lang='lat'><strong>¹?</strong></span> 
     </span>
    </p>
   </div>
   <div class='ocr_carea' id='block_1_9' title="bbox 254 1139 1991 1456">
    <p class='ocr_par' dir='ltr' id='par_1_9' title="bbox 254 1139 1991 1456">
     <span class='ocr_line' id='line_1_12' title="bbox 396 1139 1991 1218; baseline -0.003 -18"><span class='ocrx_word' id='word_1_57' title='bbox 396 1146 533 1206; x_wconf 73' lang='lat' dir='ltr'><strong>Am.</strong></span> <span class='ocrx_word' id='word_1_58' title='bbox 575 1146 785 1218; x_wconf 79' lang='lat' dir='ltr'><strong>Quivis</strong></span> <span class='ocrx_word' id='word_1_59' title='bbox 823 1141 944 1197; x_wconf 84' lang='lat' dir='ltr'><strong>fere</strong></span> <span class='ocrx_word' id='word_1_60' title='bbox 981 1140 1168 1198; x_wconf 81' lang='lat' dir='ltr'><strong>senior</strong></span> <span class='ocrx_word' id='word_1_61' title='bbox 1202 1139 1574 1196; x_wconf 83' lang='lat' dir='ltr'><strong>cunctationis</strong></span> <span class='ocrx_word' id='word_1_62' title='bbox 1601 1139 1839 1194; x_wconf 89' lang='lat' dir='ltr'><strong>canendi</strong></span> <span class='ocrx_word' id='word_1_63' title='bbox 1868 1141 1991 1214; x_wconf 82' lang='lat' dir='ltr'><strong>ple-</strong></span> 
     </span>
     <span class='ocr_line' id='line_1_13' title="bbox 254 1228 1991 1301; baseline -0.004 -14"><span class='ocrx_word' id='word_1_64' title='bbox 254 1251 362 1288; x_wconf 77' lang='lat' dir='ltr'><strong>nus</strong></span> <span class='ocrx_word' id='word_1_65' title='bbox 407 1236 703 1301; x_wconf 87' lang='lat' dir='ltr'><strong>minusque</strong></span> <span class='ocrx_word' id='word_1_66' title='bbox 736 1230 943 1298; x_wconf 84' lang='lat' dir='ltr'><strong>gaudet</strong></span> <span class='ocrx_word' id='word_1_67' title='bbox 966 1230 1074 1284; x_wconf 88' lang='lat' dir='ltr'><strong>hoc</strong></span> <span class='ocrx_word' id='word_1_68' title='bbox 1113 1228 1323 1282; x_wconf 85' lang='lat' dir='ltr'><strong>faciens</strong></span> <span class='ocrx_word' id='word_1_69' title='bbox 1350 1237 1404 1280; x_wconf 91' lang='lat' dir='ltr'><strong>et</strong></span> <span class='ocrx_word' id='word_1_70' title='bbox 1429 1229 1742 1280; x_wconf 83' lang='lat' dir='ltr'><strong>necesfitate</strong></span> <span class='ocrx_word' id='word_1_71' title='bbox 1766 1238 1991 1280; x_wconf 77' lang='lat' dir='ltr'><strong>coactus</strong></span> 
     </span>
     <span class='ocr_line' id='line_1_14' title="bbox 255 1312 1989 1388; baseline -0.002 -17"><span class='ocrx_word' id='word_1_72' title='bbox 255 1328 412 1371; x_wconf 78' lang='lat' dir='ltr'><strong>tanto</strong></span> <span class='ocrx_word' id='word_1_73' title='bbox 437 1317 609 1385; x_wconf 83' lang='lat' dir='ltr'><strong>magis</strong></span> <span class='ocrx_word' id='word_1_74' title='bbox 624 1315 914 1385; x_wconf 84' lang='lat' dir='ltr'><strong>erubescit,</strong></span> <span class='ocrx_word' id='word_1_75' title='bbox 939 1326 1147 1388; x_wconf 85' lang='lat' dir='ltr'><strong>quanto</strong></span> <span class='ocrx_word' id='word_1_76' title='bbox 1173 1314 1358 1368; x_wconf 87' lang='lat' dir='ltr'><strong>senior</strong></span> <span class='ocrx_word' id='word_1_77' title='bbox 1379 1313 1452 1367; x_wconf 86' lang='lat' dir='ltr'><strong>est</strong></span> <span class='ocrx_word' id='word_1_78' title='bbox 1465 1324 1633 1383; x_wconf 83' lang='lat' dir='ltr'><strong>atque</strong></span> <span class='ocrx_word' id='word_1_79' title='bbox 1663 1312 1958 1368; x_wconf 80' lang='lat' dir='ltr'><strong>modestior</strong></span> <span class='ocrx_word' id='word_1_80' title='bbox 1969 1333 1989 1383; x_wconf 82' lang='lat'><em>3</em></span> 
     </span>
     <span class='ocr_line' id='line_1_15' title="bbox 254 1401 1554 1456; baseline -0.007 -1"><span class='ocrx_word' id='word_1_81' title='bbox 254 1420 442 1456; x_wconf 84' lang='lat' dir='ltr'><strong>nonne</strong></span> <span class='ocrx_word' id='word_1_82' title='bbox 465 1401 581 1454; x_wconf 78' lang='lat' dir='ltr'><strong>ita?</strong></span> <span class='ocrx_word' id='word_1_83' title='bbox 1552 1402 1554 1405; x_wconf 77' lang='grc'>’</span> 
     </span>
    </p>
   </div>
   <div class='ocr_carea' id='block_1_10' title="bbox 401 1514 772 1571">
    <p class='ocr_par' dir='ltr' id='par_1_10' title="bbox 401 1514 772 1571">
     <span class='ocr_line' id='line_1_16' title="bbox 401 1514 772 1571; baseline -0.011 0"><span class='ocrx_word' id='word_1_84' title='bbox 401 1516 486 1571; x_wconf 86' lang='lat' dir='ltr'><strong>CI.</strong></span> <span class='ocrx_word' id='word_1_85' title='bbox 521 1516 602 1570; x_wconf 80' lang='lat' dir='ltr'><strong>Ila</strong></span> <span class='ocrx_word' id='word_1_86' title='bbox 624 1514 772 1568; x_wconf 84' lang='lat' dir='ltr'><strong>sane.</strong></span> 
     </span>
    </p>
   </div>
   <div class='ocr_carea' id='block_1_11' title="bbox 253 1620 2057 2107">
    <p class='ocr_par' dir='ltr' id='par_1_11' title="bbox 253 1620 2057 2107">
     <span class='ocr_line' id='line_1_17' title="bbox 394 1620 1991 1701; baseline -0.001 -17"><span class='ocrx_word' id='word_1_87' title='bbox 394 1629 531 1689; x_wconf 78' lang='lat' dir='ltr'><strong>Ath.</strong></span> <span class='ocrx_word' id='word_1_88' title='bbox 572 1620 853 1701; x_wconf 83' lang='lat' dir='ltr'><strong>Quocirca</strong></span> <span class='ocrx_word' id='word_1_89' title='bbox 877 1626 937 1682; x_wconf 88' lang='lat' dir='ltr'><strong>in</strong></span> <span class='ocrx_word' id='word_1_90' title='bbox 965 1628 1187 1684; x_wconf 80' lang='lat' dir='ltr'><strong>theatro</strong></span> <span class='ocrx_word' id='word_1_91' title='bbox 1212 1638 1269 1684; x_wconf 84' lang='lat' dir='ltr'><strong>et</strong></span> <span class='ocrx_word' id='word_1_92' title='bbox 1292 1647 1483 1684; x_wconf 88' lang='lat' dir='ltr'><strong>coram</strong></span> <span class='ocrx_word' id='word_1_93' title='bbox 1506 1625 1837 1685; x_wconf 81' lang='lat' dir='ltr'><strong>hominibus</strong></span> <span class='ocrx_word' id='word_1_94' title='bbox 1861 1646 1991 1682; x_wconf 88' lang='lat' dir='ltr'><strong>om·-</strong></span> 
     </span>
     <span class='ocr_line' id='line_1_18' title="bbox 253 1713 1993 1787; baseline -0.002 -17"><span class='ocrx_word' id='word_1_95' title='bbox 253 1714 343 1770; x_wconf 76' lang='lat' dir='ltr'><strong>nis</strong></span> <span class='ocrx_word' id='word_1_96' title='bbox 367 1713 585 1784; x_wconf 83' lang='lat' dir='ltr'><strong>generis</strong></span> <span class='ocrx_word' id='word_1_97' title='bbox 610 1732 811 1766; x_wconf 87' lang='lat' dir='ltr'><strong>canere</strong></span> <span class='ocrx_word' id='word_1_98' title='bbox 841 1725 1059 1769; x_wconf 81' lang='lat' dir='ltr'><strong>erectus</strong></span> <span class='ocrx_word' id='word_1_99' title='bbox 1084 1716 1250 1768; x_wconf 78' lang='lat' dir='ltr'><strong>etiam</strong></span> <span class='ocrx_word' id='word_1_100' title='bbox 1275 1716 1452 1787; x_wconf 82' lang='lat' dir='ltr'><strong>magis</strong></span> <span class='ocrx_word' id='word_1_101' title='bbox 1468 1715 1784 1781; x_wconf 67' lang='lat' dir='ltr'><strong>erubescetg,</strong></span> <span class='ocrx_word' id='word_1_102' title='bbox 1820 1713 1993 1784; x_wconf 86' lang='lat' dir='ltr'><strong>idque</strong></span> 
     </span>
     <span class='ocr_line' id='line_1_19' title="bbox 256 1798 1990 1869; baseline 0 -17"><span class='ocrx_word' id='word_1_103' title='bbox 256 1801 316 1863; x_wconf 76' lang='lat' dir='ltr'><strong>si,</strong></span> <span class='ocrx_word' id='word_1_104' title='bbox 356 1798 832 1869; x_wconf 82' lang='lat' dir='ltr'><strong>quemadmodum</strong></span> <span class='ocrx_word' id='word_1_105' title='bbox 864 1800 1021 1853; x_wconf 85' lang='lat' dir='ltr'><strong>chori</strong></span> <span class='ocrx_word' id='word_1_106' title='bbox 1050 1801 1119 1851; x_wconf 88' lang='lat' dir='ltr'><strong>de</strong></span> <span class='ocrx_word' id='word_1_107' title='bbox 1147 1800 1383 1852; x_wconf 80' lang='lat' dir='ltr'><strong>victoria</strong></span> <span class='ocrx_word' id='word_1_108' title='bbox 1412 1810 1702 1868; x_wconf 78' lang='lat' dir='ltr'><strong>certantes,</strong></span> <span class='ocrx_word' id='word_1_109' title='bbox 1726 1818 1865 1853; x_wconf 89' lang='lat' dir='ltr'><strong>voce</strong></span> <span class='ocrx_word' id='word_1_110' title='bbox 1887 1800 1990 1852; x_wconf 86' lang='lat' dir='ltr'><strong>sub</strong></span> 
     </span>
     <span class='ocr_line' id='line_1_20' title="bbox 256 1884 1989 1955; baseline -0.001 -18"><span class='ocrx_word' id='word_1_111' title='bbox 256 1884 513 1953; x_wconf 82' lang='lat' dir='ltr'><strong>magistro</strong></span> <span class='ocrx_word' id='word_1_112' title='bbox 563 1884 868 1936; x_wconf 72' lang='lat' dir='ltr'><strong>exercitata</strong></span> <span class='ocrx_word' id='word_1_113' title='bbox 900 1884 1134 1952; x_wconf 85' lang='lat' dir='ltr'><strong>graciles</strong></span> <span class='ocrx_word' id='word_1_114' title='bbox 1168 1884 1339 1938; x_wconf 89' lang='lat' dir='ltr'><strong>ieiuni</strong></span> <span class='ocrx_word' id='word_1_115' title='bbox 1370 1884 1989 1955; x_wconf 72' lang='lat' dir='ltr'><strong>hi‘coganturcantare,</strong></span> 
     </span>
     <span class='ocr_line' id='line_1_21' title="bbox 256 1968 2057 2043; baseline 0.001 -23"><span class='ocrx_word' id='word_1_116' title='bbox 256 1969 484 2041; x_wconf 82' lang='lat' dir='ltr'><strong>prorsus</strong></span> <span class='ocrx_word' id='word_1_117' title='bbox 525 1976 757 2036; x_wconf 81' lang='lat' dir='ltr'><strong>gravate</strong></span> <span class='ocrx_word' id='word_1_118' title='bbox 801 1976 858 2021; x_wconf 88' lang='lat' dir='ltr'><strong>et</strong></span> <span class='ocrx_word' id='word_1_119' title='bbox 899 1969 1220 2024; x_wconf 83' lang='lat' dir='ltr'><strong>verecunde</strong></span> <span class='ocrx_word' id='word_1_120' title='bbox 1257 1980 1519 2024; x_wconf 82' lang='lat' dir='ltr'><strong>canentes</strong></span> <span class='ocrx_word' id='word_1_121' title='bbox 1545 1968 1696 2024; x_wconf 82' lang='lat' dir='ltr'><strong>haud</strong></span> <span class='ocrx_word' id='word_1_122' title='bbox 1724 1978 1992 2043; x_wconf 83' lang='lat' dir='ltr'><strong>prompte</strong></span> <span class='ocrx_word' id='word_1_123' title='bbox 2056 2001 2057 2004; x_wconf 64' lang='lat'><em>=</em></span> 
     </span>
     <span class='ocr_line' id='line_1_22' title="bbox 254 2053 559 2107; baseline -0.01 -2"><span class='ocrx_word' id='word_1_124' title='bbox 254 2053 310 2106; x_wconf 93' lang='lat' dir='ltr'><strong>id</strong></span> <span class='ocrx_word' id='word_1_125' title='bbox 338 2053 559 2107; x_wconf 84' lang='lat' dir='ltr'><strong>saciant.</strong></span> 
     </span>
    </p>
   </div>
   <div class='ocr_carea' id='block_1_12' title="bbox 402 2176 1807 2251">
    <p class='ocr_par' dir='ltr' id='par_1_12' title="bbox 402 2176 1807 2251">
     <span class='ocr_line' id='line_1_23' title="bbox 402 2176 1807 2251; baseline -0.001 -17"><span class='ocrx_word' id='word_1_126' title='bbox 402 2178 483 2234; x_wconf 89' lang='lat' dir='ltr'><strong>Cl.</strong></span> <span class='ocrx_word' id='word_1_127' title='bbox 520 2177 773 2234; x_wconf 87' lang='lat' dir='ltr'><strong>Maxime</strong></span> <span class='ocrx_word' id='word_1_128' title='bbox 803 2196 943 2233; x_wconf 87' lang='lat' dir='ltr'><strong>vero</strong></span> <span class='ocrx_word' id='word_1_129' title='bbox 973 2180 1335 2235; x_wconf 80' lang='lat' dir='ltr'><strong>neceffarium</strong></span> <span class='ocrx_word' id='word_1_130' title='bbox 1370 2180 1442 2234; x_wconf 88' lang='lat' dir='ltr'><strong>est</strong></span> <span class='ocrx_word' id='word_1_131' title='bbox 1469 2178 1616 2251; x_wconf 88' lang='lat' dir='ltr'><strong>quod</strong></span> <span class='ocrx_word' id='word_1_132' title='bbox 1653 2176 1807 2233; x_wconf 81' lang='lat' dir='ltr'><strong>dicis,</strong></span> 
     </span>
    </p>
   </div>
   <div class='ocr_carea' id='block_1_13' title="bbox 257 2305 1996 3318">
    <p class='ocr_par' dir='ltr' id='par_1_13' title="bbox 257 2305 1996 3318">
     <span class='ocr_line' id='line_1_24' title="bbox 398 2305 1991 2381; baseline -0.003 -17"><span class='ocrx_word' id='word_1_133' title='bbox 398 2307 535 2365; x_wconf 75' lang='lat' dir='ltr'><em>Ath.</em></span> <span class='ocrx_word' id='word_1_134' title='bbox 575 2307 882 2380; x_wconf 78' lang='lat' dir='ltr'><strong>Quomodo</strong></span> <span class='ocrx_word' id='word_1_135' title='bbox 914 2308 1084 2380; x_wconf 85' lang='lat' dir='ltr'><strong>igitur</strong></span> <span class='ocrx_word' id='word_1_136' title='bbox 1109 2327 1203 2362; x_wconf 85' lang='lat' dir='ltr'><strong>eos</strong></span> <span class='ocrx_word' id='word_1_137' title='bbox 1228 2305 1639 2362; x_wconf 84' lang='lat' dir='ltr'><strong>consolabimur</strong></span> <span class='ocrx_word' id='word_1_138' title='bbox 1655 2315 1719 2360; x_wconf 88' lang='lat' dir='ltr'><strong>ut</strong></span> <span class='ocrx_word' id='word_1_139' title='bbox 1741 2305 1991 2381; x_wconf 85' lang='lat' dir='ltr'><strong>prompti</strong></span> 
     </span>
     <span class='ocr_line' id='line_1_25' title="bbox 257 2390 1992 2467; baseline -0.003 -18"><span class='ocrx_word' id='word_1_140' title='bbox 257 2397 356 2449; x_wconf 86' lang='lat' dir='ltr'><strong>fint</strong></span> <span class='ocrx_word' id='word_1_141' title='bbox 391 2394 465 2447; x_wconf 83' lang='lat' dir='ltr'><strong>ad</strong></span> <span class='ocrx_word' id='word_1_142' title='bbox 500 2393 854 2447; x_wconf 79' lang='lat' dir='ltr'><strong>canendum?</strong></span> <span class='ocrx_word' id='word_1_143' title='bbox 890 2394 1145 2466; x_wconf 89' lang='lat' dir='ltr'><strong>legemne</strong></span> <span class='ocrx_word' id='word_1_144' title='bbox 1179 2393 1427 2449; x_wconf 82' lang='lat' dir='ltr'><strong>feremus</strong></span> <span class='ocrx_word' id='word_1_145' title='bbox 1452 2394 1703 2467; x_wconf 87' lang='lat' dir='ltr'><strong>primum</strong></span> <span class='ocrx_word' id='word_1_146' title='bbox 1731 2411 1802 2446; x_wconf 89' lang='lat' dir='ltr'><strong>ne</strong></span> <span class='ocrx_word' id='word_1_147' title='bbox 1828 2390 1992 2465; x_wconf 86' lang='lat' dir='ltr'><strong>pueri</strong></span> 
     </span>
     <span class='ocr_line' id='line_1_26' title="bbox 257 2467 1991 2551; baseline -0.002 -18"><span class='ocrx_word' id='word_1_148' title='bbox 257 2498 439 2551; x_wconf 82' lang='lat' dir='ltr'><strong>usque</strong></span> <span class='ocrx_word' id='word_1_149' title='bbox 475 2477 542 2531; x_wconf 85' lang='lat' dir='ltr'><strong>ad</strong></span> <span class='ocrx_word' id='word_1_150' title='bbox 589 2467 813 2533; x_wconf 63' lang='lat' dir='ltr'><strong>annumv&gt;</strong></span> <span class='ocrx_word' id='word_1_151' title='bbox 842 2479 1347 2534; x_wconf 75' lang='lat' dir='ltr'><strong>duodevicesimam</strong></span> <span class='ocrx_word' id='word_1_152' title='bbox 1388 2480 1622 2534; x_wconf 91' lang='lat' dir='ltr'><strong>omnino</strong></span> <span class='ocrx_word' id='word_1_153' title='bbox 1650 2478 1851 2533; x_wconf 87' lang='lat' dir='ltr'><strong>vinum</strong></span> <span class='ocrx_word' id='word_1_154' title='bbox 1879 2495 1991 2548; x_wconf 88' lang='lat' dir='ltr'><strong>gu-</strong></span> 
     </span>
     <span class='ocr_line' id='line_1_27' title="bbox 257 2563 1990 2656; baseline -0.001 -38"><span class='ocrx_word' id='word_1_155' title='bbox 257 2566 431 2656; x_wconf 63' lang='lat' dir='ltr'><strong>ssentz</strong></span> <span class='ocrx_word' id='word_1_156' title='bbox 466 2563 725 2618; x_wconf 82' lang='lat' dir='ltr'><strong>docentes</strong></span> <span class='ocrx_word' id='word_1_157' title='bbox 756 2584 874 2618; x_wconf 84' lang='lat' dir='ltr'><strong>non</strong></span> <span class='ocrx_word' id='word_1_158' title='bbox 909 2575 1164 2636; x_wconf 83' lang='lat' dir='ltr'><strong>oportere</strong></span> <span class='ocrx_word' id='word_1_159' title='bbox 1204 2565 1286 2633; x_wconf 87' lang='lat' dir='ltr'><strong>id,</strong></span> <span class='ocrx_word' id='word_1_160' title='bbox 1327 2575 1614 2637; x_wconf 77' lang='lat' dir='ltr'><strong>tamquam</strong></span> <span class='ocrx_word' id='word_1_161' title='bbox 1643 2564 1830 2637; x_wconf 86' lang='lat' dir='ltr'><strong>ignem</strong></span> <span class='ocrx_word' id='word_1_162' title='bbox 1852 2563 1990 2635; x_wconf 80' lang='lat' dir='ltr'><strong>igni,</strong></span> 
     </span>
     <span class='ocr_line' id='line_1_28' title="bbox 262 2648 1993 2724; baseline -0.001 -22"><span class='ocrx_word' id='word_1_163' title='bbox 262 2648 482 2721; x_wconf 83' lang='lat' dir='ltr'><strong>corpori</strong></span> <span class='ocrx_word' id='word_1_164' title='bbox 519 2658 575 2702; x_wconf 88' lang='lat' dir='ltr'><strong>et</strong></span> <span class='ocrx_word' id='word_1_165' title='bbox 610 2650 798 2703; x_wconf 88' lang='lat' dir='ltr'><strong>animo</strong></span> <span class='ocrx_word' id='word_1_166' title='bbox 838 2650 1089 2719; x_wconf 86' lang='lat' dir='ltr'><strong>infundi,</strong></span> <span class='ocrx_word' id='word_1_167' title='bbox 1125 2651 1452 2724; x_wconf 86' lang='lat' dir='ltr'><strong>priusquam</strong></span> <span class='ocrx_word' id='word_1_168' title='bbox 1493 2649 1561 2703; x_wconf 90' lang='lat' dir='ltr'><strong>ad</strong></span> <span class='ocrx_word' id='word_1_169' title='bbox 1595 2650 1815 2704; x_wconf 87' lang='lat' dir='ltr'><strong>labores</strong></span> <span class='ocrx_word' id='word_1_170' title='bbox 1841 2648 1993 2705; x_wconf 84' lang='lat' dir='ltr'><strong>iuci-</strong></span> 
     </span>
     <span class='ocr_line' id='line_1_29' title="bbox 260 2734 1996 2807; baseline 0 -20"><span class='ocrx_word' id='word_1_171' title='bbox 260 2734 417 2806; x_wconf 84' lang='lat' dir='ltr'><strong>piant</strong></span> <span class='ocrx_word' id='word_1_172' title='bbox 458 2735 746 2807; x_wconf 83' lang='lat' dir='ltr'><strong>progredi,</strong></span> <span class='ocrx_word' id='word_1_173' title='bbox 795 2736 1051 2790; x_wconf 88' lang='lat' dir='ltr'><strong>insanum</strong></span> <span class='ocrx_word' id='word_1_174' title='bbox 1089 2748 1346 2790; x_wconf 83' lang='lat' dir='ltr'><strong>caventes</strong></span> <span class='ocrx_word' id='word_1_175' title='bbox 1382 2735 1635 2796; x_wconf 82' lang='lat' dir='ltr'><strong>habitum</strong></span> <span class='ocrx_word' id='word_1_176' title='bbox 1679 2736 1996 2800; x_wconf 66' lang='lat' dir='ltr'><strong>iuvenumf,</strong></span> 
     </span>
     <span class='ocr_line' id='line_1_30' title="bbox 262 2817 1992 2894; baseline 0.001 -24"><span class='ocrx_word' id='word_1_177' title='bbox 262 2817 460 2872; x_wconf 87' lang='lat' dir='ltr'><strong>deinde</strong></span> <span class='ocrx_word' id='word_1_178' title='bbox 484 2827 546 2872; x_wconf 89' lang='lat' dir='ltr'><strong>ut</strong></span> <span class='ocrx_word' id='word_1_179' title='bbox 569 2819 765 2875; x_wconf 87' lang='lat' dir='ltr'><strong>vinum</strong></span> <span class='ocrx_word' id='word_1_180' title='bbox 795 2821 1022 2892; x_wconf 88' lang='lat' dir='ltr'><strong>quidem</strong></span> <span class='ocrx_word' id='word_1_181' title='bbox 1049 2821 1577 2894; x_wconf 78' lang='lat' dir='ltr'><strong>gustent-moderate</strong></span> <span class='ocrx_word' id='word_1_182' title='bbox 1593 2838 1767 2891; x_wconf 83' lang='lat' dir='ltr'><strong>usque</strong></span> <span class='ocrx_word' id='word_1_183' title='bbox 1792 2819 1860 2874; x_wconf 88' lang='lat' dir='ltr'><strong>ad</strong></span> <span class='ocrx_word' id='word_1_184' title='bbox 1888 2819 1992 2872; x_wconf 86' lang='lat' dir='ltr'><strong>tri-</strong></span> 
     </span>
     <span class='ocr_line' id='line_1_31' title="bbox 266 2902 1988 2977; baseline 0.001 -23"><span class='ocrx_word' id='word_1_185' title='bbox 266 2902 522 2955; x_wconf 75' lang='lat' dir='ltr'><strong>cesimum</strong></span> <span class='ocrx_word' id='word_1_186' title='bbox 551 2921 760 2970; x_wconf 85' lang='lat' dir='ltr'><strong>annum</strong></span> <span class='ocrx_word' id='word_1_187' title='bbox 779 2947 795 2974; x_wconf 92' lang='lat'><strong>,</strong></span> <span class='ocrx_word' id='word_1_188' title='bbox 832 2907 1099 2962; x_wconf 85' lang='lat' dir='ltr'><strong>ebrietate</strong></span> <span class='ocrx_word' id='word_1_189' title='bbox 1131 2919 1324 2962; x_wconf 87' lang='lat' dir='ltr'><strong>autem</strong></span> <span class='ocrx_word' id='word_1_190' title='bbox 1350 2918 1404 2960; x_wconf 82' lang='lat' dir='ltr'><strong>et</strong></span> <span class='ocrx_word' id='word_1_191' title='bbox 1428 2907 1739 2962; x_wconf 86' lang='lat' dir='ltr'><strong>vinolentia</strong></span> <span class='ocrx_word' id='word_1_192' title='bbox 1764 2904 1988 2977; x_wconf 82' lang='lat' dir='ltr'><strong>prorsus</strong></span> 
     </span>
     <span class='ocr_line' id='line_1_32' title="bbox 264 2985 1991 3066; baseline 0.001 -26"><span class='ocrx_word' id='word_1_193' title='bbox 264 2985 485 3040; x_wconf 71' lang='lat' dir='ltr'><strong>iuvenis</strong></span> <span class='ocrx_word' id='word_1_194' title='bbox 522 2988 578 3040; x_wconf 87' lang='lat' dir='ltr'><strong>se</strong></span> <span class='ocrx_word' id='word_1_195' title='bbox 608 2986 909 3058; x_wconf 83' lang='lat' dir='ltr'><strong>abstineat3</strong></span> <span class='ocrx_word' id='word_1_196' title='bbox 958 2993 1437 3066; x_wconf 63' lang='lat' dir='ltr'><strong>quadragesimum</strong></span> <span class='ocrx_word' id='word_1_197' title='bbox 1477 3011 1611 3046; x_wconf 87' lang='lat' dir='ltr'><strong>vero</strong></span> <span class='ocrx_word' id='word_1_198' title='bbox 1648 3007 1859 3044; x_wconf 87' lang='lat' dir='ltr'><strong>annum</strong></span> <span class='ocrx_word' id='word_1_199' title='bbox 1898 2987 1991 3042; x_wconf 86' lang='lat' dir='ltr'><strong>in·-</strong></span> 
     </span>
     <span class='ocr_line' id='line_1_33' title="bbox 264 3069 1988 3149; baseline 0.002 -27"><span class='ocrx_word' id='word_1_200' title='bbox 264 3073 470 3141; x_wconf 70' lang='lat' dir='ltr'><strong>gress‘us</strong></span> <span class='ocrx_word' id='word_1_201' title='bbox 506 3069 565 3122; x_wconf 90' lang='lat' dir='ltr'><strong>in</strong></span> <span class='ocrx_word' id='word_1_202' title='bbox 602 3074 872 3129; x_wconf 83' lang='lat' dir='ltr'><strong>conviviis</strong></span> <span class='ocrx_word' id='word_1_203' title='bbox 897 3094 1075 3149; x_wconf 87' lang='lat' dir='ltr'><strong>quum</strong></span> <span class='ocrx_word' id='word_1_204' title='bbox 1100 3091 1316 3134; x_wconf 79' lang='lat' dir='ltr'><strong>ceteros</strong></span> <span class='ocrx_word' id='word_1_205' title='bbox 1343 3079 1474 3131; x_wconf 87' lang='lat' dir='ltr'><strong>deos</strong></span> <span class='ocrx_word' id='word_1_206' title='bbox 1501 3076 1723 3130; x_wconf 80' lang='lat' dir='ltr'><strong>invocet</strong></span> <span class='ocrx_word' id='word_1_207' title='bbox 1747 3083 1870 3128; x_wconf 89' lang='lat' dir='ltr'><strong>tum</strong></span> <span class='ocrx_word' id='word_1_208' title='bbox 1899 3083 1988 3126; x_wconf 81' lang='lat' dir='ltr'><strong>et-</strong></span> 
     </span>
     <span class='ocr_line' id='line_1_34' title="bbox 264 3154 1987 3232; baseline 0.002 -24"><span class='ocrx_word' id='word_1_209' title='bbox 264 3156 377 3208; x_wconf 88' lang='lat' dir='ltr'><strong>iam</strong></span> <span class='ocrx_word' id='word_1_210' title='bbox 415 3154 693 3210; x_wconf 82' lang='lat' dir='ltr'><strong>Bacchum</strong></span> <span class='ocrx_word' id='word_1_211' title='bbox 736 3156 937 3215; x_wconf 84' lang='lat' dir='ltr'><strong>invitet</strong></span> <span class='ocrx_word' id='word_1_212' title='bbox 974 3166 1043 3218; x_wconf 85' lang='lat' dir='ltr'><strong>ad</strong></span> <span class='ocrx_word' id='word_1_213' title='bbox 1071 3166 1262 3219; x_wconf 89' lang='lat' dir='ltr'><strong>senum</strong></span> <span class='ocrx_word' id='word_1_214' title='bbox 1302 3168 1451 3218; x_wconf 76' lang='lat' dir='ltr'><strong>sacra</strong></span> <span class='ocrx_word' id='word_1_215' title='bbox 1478 3163 1749 3232; x_wconf 72' lang='lat' dir='ltr'><strong>simulque</strong></span> <span class='ocrx_word' id='word_1_216' title='bbox 1774 3159 1987 3218; x_wconf 84' lang='lat' dir='ltr'><strong>ludum,</strong></span> 
     </span>
     <span class='ocr_line' id='line_1_35' title="bbox 265 3239 1988 3318; baseline 0 -24"><span class='ocrx_word' id='word_1_217' title='bbox 265 3242 363 3313; x_wconf 85' lang='lat' dir='ltr'><strong>qui</strong></span> <span class='ocrx_word' id='word_1_218' title='bbox 387 3240 609 3313; x_wconf 85' lang='lat' dir='ltr'><strong>quidem</strong></span> <span class='ocrx_word' id='word_1_219' title='bbox 651 3239 842 3300; x_wconf 88' lang='lat' dir='ltr'><strong>vinum</strong></span> <span class='ocrx_word' id='word_1_220' title='bbox 875 3243 1199 3302; x_wconf 80' lang='lat' dir='ltr'><strong>hominibus</strong></span> <span class='ocrx_word' id='word_1_221' title='bbox 1227 3248 1286 3303; x_wconf 87' lang='lat' dir='ltr'><strong>in</strong></span> <span class='ocrx_word' id='word_1_222' title='bbox 1309 3250 1639 3304; x_wconf 81' lang='lat' dir='ltr'><strong>universum</strong></span> <span class='ocrx_word' id='word_1_223' title='bbox 1670 3245 1900 3318; x_wconf 82' lang='lat' dir='ltr'><strong>largitus</strong></span> <span class='ocrx_word' id='word_1_224' title='bbox 1929 3244 1988 3295; x_wconf 85' lang='lat' dir='ltr'><strong>fit</strong></span> 
     </span>
    </p>
   </div>
  </div>
 </body>
</html>
