2132 3652
796 241 1379 299 ·L1‹:Gsssv.
1804 269 1900 325 291

167 382 388 452 -bneris3
432 400 500 439 ao
549 391 698 439 terra
743 382 973 455 quidem
1016 373 1172 438 tanta
1226 386 1336 440 erit
1372 397 1594 459 [quanta
1630 391 1785 451 viros
1827 403 1909 448 tot

168 476 508 541 temperatos
544 467 755 541 poterit
786 470 1024 538 nutrire,
1061 471 1277 525 maiore
1316 490 1431 526 non
1473 475 1582 528 erit
1618 493 1785 548 opus3
1837 479 1906 531 ad

163 553 586 613 multitudinem
620 573 756 608 vero
786 564 868 608 tot
895 556 1060 608 sunto
1087 564 1223 627 quot
1251 556 1376 611 satia
1399 567 1565 618 erunt
1591 561 1657 614 ad
1687 559 1907 616 vicinos

161 637 428 697 iniuriam
461 638 582 710 ipfis
611 637 919 694 inferentes
948 640 1361 713 propulsandos
1397 652 1453 696 et
1475 643 1747 704 finitimos
1770 647 1900 701 suos

160 724 364 782 iniuria
388 723 611 778 affectos
636 722 852 777 auxilio
877 724 1164 782 iuvandos.
1201 726 1339 782 haec
1370 746 1506 782 vero
1535 721 1901 805 contemplati

158 812 447 885 regionem
478 819 532 863 et
555 810 772 864 vicinos
801 810 1128 864 definiemus
1160 830 1226 867 re
1264 822 1319 867 et
1353 812 1536 868 verbis
1554 839 1572 881 ,-
1610 834 1762 871 nuno
1787 837 1896 874 au·-

158 905 278 951 tem
300 895 547 968 exempli
573 897 734 949 causa
763 905 816 950 et
844 895 1307 959 adumbrationis,
1346 908 1412 952 ut
1442 899 1784 969 absolvatur,
1820 903 1893 956 ad

157 985 347 1056 legum
391 983 654 1036 lationem
706 981 882 1035 oratio
931 981 1341 1055 progrediatur.
1397 983 1698 1054 quinquies
1736 986 1893 1040 mille

158 1070 318 1123 sunto
342 1078 397 1120 et
421 1065 804 1138 quadraginta,
842 1066 1066 1120 numeri
1094 1065 1475 1121 convenientis
1499 1069 1692 1140 gratia,
1731 1088 1892 1142 agro-

85 1193 96 1204 .
155 1174 290 1210 rum
320 1153 636 1226 poffeffores
676 1163 731 1205 et
770 1142 1174 1205 distributionis
1206 1151 1560 1222 defensores;
1598 1164 1751 1209 terra
1780 1174 1891 1209 au-

155 1251 271 1294 tem
300 1249 355 1292 et
377 1237 745 1292 habitationes
772 1237 966 1290 itidem
996 1238 1217 1291 easdem
1244 1238 1301 1291 in
1324 1247 1512 1311 partes
1539 1239 1888 1309 dividuntor,

152 1330 236 1380 ita
259 1336 323 1378 ut
341 1323 445 1376 viri
472 1333 526 1375 et
548 1323 722 1375 sortes
738 1325 995 1392 portione
1018 1326 1168 1378 inter
1193 1325 1247 1375 se
1269 1324 1657 1394 respondeant.
1683 1336 1748 1378 a'c
1773 1326 1887 1399 pri-

151 1431 311 1465 mum
335 1408 560 1481 quidem
584 1406 726 1459 duae
740 1418 923 1478 partes
946 1409 1189 1460 univerfi
1207 1407 1430 1462 numeri
1456 1408 1884 1479 distribuuntor,

152 1496 354 1550 deinde
394 1506 506 1547 tres
546 1492 826 1560 eiusdem3
876 1494 1049 1564 potest
1074 1493 1221 1546 enim
1250 1491 1417 1546 etiam
1445 1493 1504 1547 iu
1531 1503 1800 1565 quattuor
1829 1508 1884 1552 et

148 1581 401 1654 quinque
436 1573 615 1650 usqu'e
659 1577 726 1633 ad
759 1577 1059 1631 denarium
1100 1583 1402 1634 numerum
1450 1580 1653 1633 ordine
1688 1580 1882 1636 dividi.
1924 1632 1926 1640 ,

148 1674 375 1740 oportet
393 1663 563 1735 igitur
583 1664 650 1715 de
667 1681 904 1715 numero
923 1680 1204 1732 quemque
1225 1664 1414 1717 virum
1436 1663 1584 1736 leges
1605 1664 1883 1721 ferentem

147 1762 369 1807 tantum
396 1757 547 1800 certe
573 1746 925 1818 perspectum
956 1747 1196 1814 habere,'
1215 1750 1340 1819 quis
1368 1766 1642 1804 numerus
1670 1760 1725 1804 et
1745 1769 1880 1823 qua·

146 1840 215 1894 lis
250 1834 512 1890 omnibus
541 1830 851 1885 civitatibus
897 1833 1442 1887 couvenientiffimus
1487 1836 1576 1896 fitz
1631 1832 1914 1892 dicamus.

147 1936 339 1979 autem
366 1938 497 1972 eum
522 1920 625 1970 effe
653 1917 1231 1970 convenientisfitnum
1265 1917 1360 1989 qui
1389 1917 1662 1989 plurimas
1694 1928 1749 1971 et
1782 1939 1881 1973 or-

146 2011 280 2065 dine
302 2004 550 2061 maxime
574 2004 629 2056 se
651 2001 987 2073 excipientes
1011 2002 1339 2074 partitiones
1361 2002 1420 2056 in
1444 2004 1497 2056 se
1519 2000 1736 2055 habeat.
1761 2022 1878 2057 non

146 2097 300 2151 enim
339 2089 525 2163 quivis
555 2106 823 2140 numerus
865 2087 1096 2158 quasvis
1127 2086 1188 2140 in
1223 2088 1414 2142 omnia
1452 2085 1741 2167 divisiones
1767 2089 1877 2153 haff-

142 2182 267 2247 bet3
304 2173 599 2250 quinquies
635 2192 768 2225 vero
798 2170 1113 2226 millesimus
1155 2182 1212 2225 et
1250 2174 1698 2244 quadragesimus
1730 2176 1872 2228 rati-

143 2286 254 2322 one
296 2263 427 2317 belli
465 2270 519 2312 et
553 2257 724 2331 paciS,
761 2259 906 2328 quod
935 2258 1003 2312 ad
1037 2258 1222 2313 omnia
1245 2266 1404 2331 pacta
1432 2267 1489 2311 et
1512 2269 1791 2312 conventa
1817 2271 1875 2315 et

142 2348 494 2412 commercia,
529 2362 697 2415 porro
731 2344 798 2396 ad
831 2343 1037 2396 tributa
1075 2353 1129 2397 et
1148 2343 1471 2417 partitiones
1499 2344 1718 2410 attinet,
1753 2363 1871 2399 non

138 2436 349 2514 poterit
374 2433 432 2485 in
459 2431 646 2503 plures
683 2445 854 2500 quam
885 2429 1323 2500 undesexaginta.
1349 2438 1538 2501 partes
1570 2427 1759 2485 dividi.
1797 2428 1870 2484 ab

139 2541 256 2579 una
291 2538 428 2574 vero
470 2516 538 2567 ad
580 2514 966 2568 duodecimam
1013 2516 1323 2568 continuas.
1371 2524 1430 2567 et
1465 2514 1601 2567 haec
1638 2514 1869 2586 quidem

140 2610 309 2663 etiam
336 2622 439 2678 per
461 2601 635 2654 otium
663 2597 829 2652 firma
856 2609 1125 2672 concepta
1150 2599 1361 2652 habere
1385 2598 1591 2653 debent
1616 2617 1757 2670 quos
1775 2600 1872 2655 lex

143 2710 209 2745 ea
236 2685 713 2761 comprehendere
761 2683 945 2744 iubet;
996 2701 1180 2755 neque
1230 2685 1378 2738 enim
1420 2684 1585 2738 aliter
1618 2683 1718 2738 nifi
1762 2684 1872 2738 hoc

141 2775 312 2830 modo
339 2776 393 2826 se
416 2773 643 2838 habent3
681 2780 905 2843 oportet
933 2779 1121 2823 autem
1153 2789 1217 2822 ea
1246 2770 1386 2824 hano
1415 2769 1486 2822 ob
1518 2770 1739 2822 causam
1766 2790 1874 2823 ur·-

142 2859 225 2912 bis
251 2856 524 2912 conditori
554 2855 680 2910 dici.
720 2874 903 2926 neque
938 2854 975 2906 fi
1006 2855 1127 2926 quis
1153 2874 1368 2908 xnovam
1394 2854 1464 2908 ab
1487 2854 1649 2907 initio
1683 2855 1872 2907 condit

142 2960 327 3013 neque
362 2942 398 2993 fi
431 2949 679 2992 veterem
703 2957 939 3011 eamque
972 2949 1294 3011 corruptam
1332 2939 1539 2997 reficit.
1578 2939 1648 2990 de
1673 2937 1775 2990 diis
1814 2946 1872 2989 et

141 3025 376 3098 templis,
413 3040 556 3095 quae
593 3022 656 3076 in
694 3022 835 3077 urbe
866 3023 1069 3095 cuique
1097 3023 1358 3098 ponenda
1393 3034 1446 3074 et
1473 3042 1505 3073 a
1535 3019 1739 3090 quibus
1761 3020 1868 3074 diis

1394 3119 1518 3172 ΤΞ
