2158 3652
835 206 1326 297 anssst.
1868 232 1941 286 ,9

218 358 369 417 cebit
400 357 597 415 crebro
634 356 697 413 in
729 354 840 411 illis
872 352 1222 426 requiescere
1246 362 1300 407 et
1332 347 1678 411 sermonibus
1702 372 1805 409 nos
1835 355 1940 411 ob..

215 448 487 508 luctantes
509 445 616 500 iter
638 451 828 499 totum
847 442 918 499 fic
942 439 1238 497 commode
1261 437 1549 494 conficere.

365 553 450 617 cl.
484 560 570 617 Ac
603 548 731 613 sane
766 555 1023 630 quidem,
1062 576 1095 613 o
1118 555 1333 627 hospes,
1362 551 1818 627 progredientem
1843 573 1946 610 ex-

212 645 436 723 cipiunt
462 648 851 719 cuprefforum
878 642 940 696 in
965 639 1288 696 nemoribus
1318 638 1685 712 proceritates
1728 649 1786 693 et
1815 642 1948 712 pul-

218 731 564 788 claritudines
592 728 979 794 admirabiles,
1018 736 1072 781 et
1101 734 1260 800 prata
1295 727 1357 781 in
1379 724 1582 800 quibus
1603 725 1948 798 requiescere

221 829 280 873 et
311 817 652 873 commorari
675 815 1002 890 poterimus.

316 916 500 976 Aah.
548 919 703 975 Vera
741 915 873 971 dicis
907 911 1189 987 profecto·
1235 920 1291 964 et
1341 909 1640 984 conspicati
1675 872 1850 1000 magis
1888 911 1949 969 id

219 1004 481 1060 dicemus.
551 1003 770 1075 itaque,
806 999 952 1072 quod
975 998 1188 1055 bonum
1211 994 1562 1071 faustumque
1588 997 1679 1064 sit,
1716 992 1951 1071 progre-

219 1090 463 1150 diamur.

368 1189 456 1243 01.
496 1186 617 1244 Hoc
644 1187 752 1242 fiat.

281 1351 285 1355 ζ
358 1288 498 1346 Ath.
552 1289 668 1344 Iam
707 1285 850 1342 mihi
880 1287 998 1346 dic·
1061 1307 1165 1345 cur
1199 1287 1461 1347 convivia
1508 1287 1736 1362 publica
1786 1267 1952 1345 vobis

218 1366 499 1431 constituit
516 1374 610 1429 lex
636 1353 1061 1429 exercitationes
1085 1385 1143 1431 et
1159 1394 1453 1430 armorum
1481 1376 1910 1456 tractationem.
1889 1378 1916 1411 ‘²

361 1477 444 1535 CL
481 1475 740 1531 Arbitror
759 1473 1040 1546 equidem,
1064 1495 1097 1530 o
1113 1475 1343 1548 hospeS,
1368 1475 1599 1558 cuilibet
1614 1476 1811 1531 faciles
1848 1440 1955 1529 effe

217 1563 505 1617 intellectu
551 1579 643 1614 res
681 1562 905 1615 nostras.
969 1562 1285 1615 universae
1306 1559 1459 1614 enim
1482 1560 1723 1632 regionis
1755 1561 1954 1616 Cretae

214 1659 483 1715 naturam
508 1647 714 1701 videtis
739 1666 855 1702 non
876 1652 981 1711 effe
1007 1650 1390 1723 campestrem,
1412 1648 1550 1701 ficut
1565 1646 1954 1703 Theffalorum

218 1746 461 1797 terram;
500 1733 770 1806 quocirca
807 1733 1066 1807 equishi
1100 1733 1277 1806 magis
1314 1745 1586 1802 utuntur,
1624 1752 1728 1788 nos
1765 1742 1957 1806 autem

218 1819 463 1874 cursibus
474 1835 491 1880 3
529 1819 665 1874 haec
707 1822 858 1875 enim
887 1827 1085 1875 contra
1115 1820 1429 1892 inaequalis,
1447 1830 1506 1876 et
1529 1820 1821 1893 adcursus
1853 1838 1958 1894 pe-

219 1906 413 1960 destris
437 1906 914 1973 {exercitationem
965 1905 1146 1978 magis
1184 1916 1315 1979 apta
1326 1925 1345 1972 3
1389 1900 1541 1977 levia
1589 1905 1762 1977 igitur
1800 1923 1960 1959 arma

220 1992 436 2044 necefl'e
471 2002 597 2043 tum
629 1989 899 2061 possidere
929 2008 1031 2043 nec
1067 1990 1289 2061 pondus
1320 1989 1587 2045 habentia
1611 1992 1680 2044 ad
1720 2009 1960 2044 curren-

221 2077 394 2143 dum3
429 2092 606 2147 quare
636 2091 868 2128 arcuum
900 2082 957 2127 et
979 2075 1304 2144 sagittarum
1325 2073 1525 2139 levitas
1554 2075 1786 2130 videtur
1822 2093 1960 2129 con-

221 2161 439 2215 venire.
503 2158 642 2211 haec
673 2157 846 2228 igitur
887 2156 959 2211 ad
993 2158 1203 2213 bellum
1243 2156 1410 2226 'nobis
1457 2160 1649 2214 omnia
1696 2171 1962 2235 apparata

220 2248 372 2314 sunt,
396 2243 700 2312 omniaque
720 2241 855 2313 legis
877 2243 1041 2311 lator,
1065 2252 1132 2296 ut
1164 2240 1304 2297 mihi
1332 2241 1561 2314 quidem
1585 2243 1829 2311 videtur,
1853 2239 1961 2298 hoc

221 2332 472 2409 spectans
509 2326 768 2394 instituit3
805 2345 941 2401 nam
975 2326 1244 2402 convivia
1279 2346 1504 2400 quoque
1534 2328 1758 2402 publiea
1800 2330 1962 2384 vide-

221 2425 319 2470 tur
359 2412 680 2470 commififfe
712 2412 1028 2486 intelligens
1060 2432 1256 2469 omnes
1296 2432 1476 2486 quum
1503 2415 1809 2470 militarent
1836 2426 1961 2470 tum

219 2521 287 2561 re
313 2502 436 2577 ipsa
470 2501 591 2573 cogi
629 2500 904 2557 custodiae
928 2501 1059 2555 suae
1087 2500 1251 2554 causa
1284 2519 1398 2557 una
1426 2519 1664 2555 coenare
1686 2502 1793 2555 hoc
1812 2510 1962 2555 tem-
2003 2536 2008 2539 -

221 2587 378 2665 pore'.
446 2585 829 2660 ignorantiam
849 2585 1022 2657 igitur
1052 2585 1192 2640 mihi
1217 2587 1448 2642 videtur
1472 2588 1741 2646 accusaffe
1764 2585 1961 2640 multi-

224 2667 439 2732 ¹tudinis
461 2672 672 2745 quippe
686 2691 800 2727 non
828 2667 1187 2744 intelligentis
1213 2672 1425 2728 bellum
1452 2678 1557 2730 effe
1586 2672 1845 2729 omnibus
1859 2691 1961 2746 per

224 2754 404 2814 to'tam
431 2758 608 2815 vitam
637 2757 974 2813 continuum
1003 2777 1136 2818 >cum
1168 2758 1428 2815 omnibus
1457 2758 1807 2826 civitatibu83
1845 2757 1959 2816 iam

225 2839 313 2905 fi'
298 2863 356 2902 m
394 2843 544 2900 bello
579 2841 857 2897 custodiae
888 2844 1051 2897 causa
1085 2855 1373 2916 oporteret
1410 2845 1793 2900 communiter
1826 2862 1962 2897 coe-

225 2948 360 2999 nare
387 2929 624 2994 milites,
664 2937 717 2981 et
749 2928 1017 3000 quosdam
1042 2929 1355 3001 praefectos
1385 2930 1744 3001 subditosque
1767 2929 1961 3003 dispo-

228 3013 351 3066 litos
374 3013 602 3068 illorum
633 3011 878 3068 custodes
904 3018 1024 3080 effe,
1048 3014 1154 3069 hoc
1177 3016 1347 3070 etiam
1379 3016 1438 3069 in
1467 3034 1604 3087 pace
1636 3014 1958 3068 faciendum

229 3100 366 3164 effe3
403 3100 610 3153 etenim
649 3117 819 3171 quam
857 3101 1113 3173 plerique
1154 3101 1409 3160 homines
1447 3118 1640 3171 pacem
1678 3106 1955 3158 vocarent,

229 3183 338 3240 hoc
364 3181 472 3236 effe
493 3185 882 3242 tantummodo
912 3205 1141 3254 nomen,
1176 3206 1240 3242 re
1267 3186 1382 3256 ipsa
1411 3203 1543 3240 vero
1575 3184 1836 3239 omnibus
1861 3181 1963 3235 ad-

231 3268 419 3320 versus
445 3284 637 3319 omnes
660 3268 911 3325 civitates
938 3272 1375 3345 [emperbellum
1398 3271 1499 3325 else
1528 3280 1727 3326 natura
1757 3268 1827 3320 im
1835 3266 1956 3337 pla-

232 3352 427 3407 cabile.
492 3351 638 3424 quod
669 3356 703 3406 si
732 3355 809 3417 ita
832 3358 1273 3422 confidet·averi5‚
1298 3357 1528 3412 Cretum
1564 3356 1694 3426 legis
1725 3354 1955 3406 latorem
