2176 3672
530 580 864 669 ‘LIBER
921 554 1467 643 SECUNDUS.

154 769 538 886 compotatio
590 829 729 865 vero
781 825 894 865 non
933 809 1108 863 solum
1143 809 1211 863 ad
1252 806 1551 863 hominum
1595 805 1883 880 ingenium

150 914 446 967 moresque
487 896 859 973 explorandos
898 894 1318 950 accommodata
1351 891 1452 958 est,
1492 893 1578 947 sed
1610 892 1886 948 maiorem

152 980 322 1037 etiam
365 981 662 1036 utilitatem
699 980 899 1048 habet3
946 980 1013 1034 de
1057 997 1164 1051 qua
1214 988 1511 1049 antequam
1560 978 1884 1053 exponitur,

150 1077 304 1124 recta
329 1066 702 1139 institutionis.
728 1066 869 1139 ratio
905 1065 1239 1137 explicatur.
1309 1062 1582 1144 Educatio
1609 1065 1683 1117 est
1711 1063 1885 1118 disci-'-

151 1153 325 1228 plina,
365 1170 508 1224 quae
531 1153 597 1206 ad
623 1152 936 1223 voluptates
953 1149 1282 1221 doloresque
1302 1145 1686 1204 mode‘i'andos‘
1704 1168 1768 1203 ac
1787 1166 1885 1204 re-

151 1239 360 1312 gendos
395 1239 628 1310 spectat,
666 1245 758 1302 ut,
797 1235 949 1307 quae‘
978 1228 1291 1307 expete‘nda
1322 1235 1486 1301 sunt,
1524 1224 1797 1307 expetere·
1826 1235 1886 1289 et

151 1341 296 1395 quae
335 1321 623 1394 fugienda,
659 1321 858 1394 fugere
893 1321 1291 1382 assuescamu33
1332 1338 1403 1375 ex
1432 1338 1560 1393 qua,
1598 1339 1772 1392 quum
1786 1339 1886 1376 ra-

147 1410 231 1464 tio
266 1409 551 1479 liberaque
573 1405 763 1461 animi
800 1408 1026 1461 assensio
1067 1406 1314 1473 accesfit,
1359 1405 1539 1460 virtus
1576 1405 1886 1461 efflorescit.

148 1493 438 1569 Quoniam
470 1511 606 1547 vero
628 1537 642 1559 ‚
682 1512 827 1565 quae
864 1493 1117 1548 educatio
1161 1501 1215 1545 et
1251 1492 1347 1546 lex
1377 1492 1779 1566 praescribunt,
1817 1510 1886 1546 ea

150 1581 452 1655 saepisfime
481 1571 539 1633 in
577 1581 875 1635 hominurn
899 1578 1014 1632 vita
1034 1587 1470 1650 pervertuntur,
1508 1578 1611 1645 dii,
1650 1578 1884 1632 humani

149 1666 366 1739 generis
381 1666 760 1720 misericordia
776 1664 1070 1739 commoti,
1098 1663 1168 1718 ad
1190 1665 1367 1736 legem
1392 1665 1743 1735 modumque
1766 1665 1885 1718 ser-

146 1751 399 1809 vandum
444 1762 498 1804 et
544 1772 729 1806 mores
769 1751 1100 1825 depravatos
1138 1751 1500 1823 corrigendos
1539 1750 1887 1807 saltationem

149 1835 340 1892 festam
385 1837 738 1892 instituerunt
785 1856 913 1889 cum
966 1838 1166 1889 musica
1211 1846 1267 1887 et
1301 1835 1711 1908 compotatione
1747 1855 1888 1891 con-

149 1923 420 1985 iunctam,
456 1921 823 1993 hominesque
852 1941 962 1992 quo
995 1921 1211 1992 reliqua
1235 1929 1424 1973 carent
1446 1919 1726 1988 animalia,
1747 1923 1889 1977 har-

151 2005 378 2059 moniae
393 2007 549 2058 sensu
578 2006 930 2061 donaverunt
946 2010 1121 2072 (655).
1158 2005 1349 2059 Prima
1370 2004 1538 2076 igitur
1554 2007 1810 2062 educatio
1824 2007 1886 2062 in

155 2090 443 2144 saltatione
460 2098 733 2161 cantuque
759 2094 1025 2157 versatur,
1051 2101 1107 2145 et
1132 2089 1384 2164 perfecta
1411 2109 1479 2144 ex
1506 2091 1616 2144 acri
1631 2091 1886 2149 elimato-

153 2193 264 2247 que
295 2174 518 2247 pulchri
558 2175 715 2228 sensu
754 2181 974 2232 constat.
1060 2177 1366 2231 Pulchrum
1412 2177 1469 2230 in
1504 2178 1796 2232 saltatione
1831 2191 1887 2235 et

151 2266 316 2316 cautu
345 2259 482 2313 nihil
499 2260 647 2313 aliud
667 2263 738 2314 est
754 2262 850 2315 nifi
877 2264 946 2327 id,
976 2263 1124 2333 quod
1154 2264 1243 2315 vel
1263 2262 1329 2314 ad
1360 2262 1535 2324 animi
1562 2264 1730 2316 velad
1757 2283 1888 2318 cor-

148 2337 304 2420 poris
333 2346 722 2419 praestantiam
748 2350 969 2420 spectat,
1010 2358 1179 2421 turpe
1220 2356 1407 2401 autem
1441 2348 1526 2412 id,
1579 2350 1727 2418 quod
1759 2350 1886 2403 sen-

151 2432 294 2488 sibus
320 2432 718 2486 tantummodo
754 2443 807 2485 et
841 2432 1120 2504 voluptati
1149 2432 1452 2488 blanditur.
1528 2434 1710 2503 Atque
1733 2433 1769 2484 fi
1795 2433 1885 2489 di-

151 2517 308 2573 versa
332 2519 458 2571 sunt
483 2516 779 2572 hominum
818 2518 885 2571 de
906 2519 1144 2590 pulchro
1185 2529 1240 2572 et
1274 2520 1427 2592 turpi
1454 2518 1671 2582 iudicia,
1712 2520 1884 2574 huius

151 2600 235 2657 rei
266 2603 426 2656 causa
467 2622 580 2656 non
615 2603 796 2677 ipsum
826 2604 1126 2677 pulchrum
1154 2605 1241 2656 vel
1273 2614 1435 2676 turpe
1463 2603 1654 2659 haberi
1692 2609 1883 2678 potest,

153 2688 244 2740 sed
278 2705 451 2760 prava
476 2688 772 2742 hominum
795 2689 887 2742 vel
914 2698 1113 2742 natura
1142 2691 1232 2743 vel
1253 2691 1733 2760 consuetudo‚qua
1754 2693 1883 2763 qui-

155 2771 280 2826 dem
304 2771 371 2826 fit
398 2783 489 2838 ut,
531 2775 787 2843 quamvis
810 2783 978 2845 turpe
998 2774 1349 2845 vituperent,
1391 2796 1454 2828 eo
1481 2783 1668 2828 tamen
1697 2776 1884 2831 delec-

156 2865 370 2918 tentur;
411 2858 696 2913 inhonesto
731 2868 913 2913 autem
940 2862 974 2912 fi
1003 2860 1261 2915 homines
1294 2862 1641 2927 assuescunt,
1691 2862 1882 2916 sentim

157 2939 293 2992 istud
342 2941 417 2994 ita
455 2945 901 3014 amplectuntur,
944 2956 1033 3010 ut,
1075 2947 1223 3017 quod
1264 2947 1639 3019 gravissimam
1679 2947 1883 3002 civitati

157 3023 359 3093 pestem
396 3026 593 3092 infert,
645 3034 923 3101 postremo
966 3032 1012 3085 ci
1052 3032 1248 3103 similes
1274 3033 1424 3086 fiant.
1497 3031 1775 3104 Quocirca
1803 3033 1881 3086 li-

158 3108 396 3163 centiam
429 3109 582 3165 istam
604 3114 876 3185 quidlibet
905 3117 1148 3190 tingendi
1177 3118 1367 3172 civitas
1398 3118 1537 3170 bene
1562 3125 1778 3172 morata
1805 3121 1880 3174 le-

157 3194 314 3265 gibUS
348 3194 647 3259 ⁰03³·'00bit3
709 3202 855 3268 quod
898 3203 955 3255 in
996 3205 1253 3277 Aegypto
1279 3202 1490 3259 factum
1520 3207 1624 3257 effe
1654 3206 1878 3272 constat,

159 3280 257 3338 nbi
278 3280 419 3351 leges
447 3290 630 3335 certae
657 3284 848 3355 portia,
875 3287 1105 3358 musicia,
1146 3288 1467 3364 pict01·ibu3‚
1507 3288 1624 3345 aliis
1647 3289 1879 3368 scriptae
