2132 3652
785 174 1166 231 LEGES
1238 178 1329 231 ΙΙΙ.
1835 197 1933 250 ‘207

354 320 461 377 Me.
502 318 861 393 Quamnam?

207 439 212 442 ⁵
365 427 509 505 Ath.
561 444 853 501 Posuimus
885 445 1021 517 legis
1048 445 1210 500 latoii
1249 446 1354 522 tiia
1388 440 1654 521 spectanti
1670 445 1816 518 leges
1840 450 1940 502 esse

217 523 436 599 dandas,
451 542 540 587 ut
566 533 762 589 civitas
780 532 991 606 legibus
1015 527 1299 587 constituta
1322 531 1500 587 libeia
1508 536 1666 616 esset,
1685 533 1780 589 fibi
1803 534 1931 589 emi.

215 637 279 674 ca
302 629 359 674 et
379 619 642 693 prudens.
711 617 855 673 ‘haee
885 627 1075 683 erant,
1117 621 1338 695 nonne?
1481 631 1483 634 ·

349 746 462 803 Me.
500 747 649 803 Sane
671 730 916 818 quidem.
1723 727 1730 734 l
1754 756 1759 785 ¹

252 922 255 925 ,
350 874 489 930 Am.
515 876 673 929 Hanc
694 874 765 928 ob
788 873 1007 946 causam
1030 873 1276 929 civitates
1299 873 1560 946 eligentes
1585 846 1936 931 maximere-

191 1020 193 1022 ,
211 961 387 1033 galem
406 970 461 1014 et
471 960 818 1014 liberrimam
834 959 1009 1014 consid
1017 977 1077 1016 ei
1081 959 1295 1014 avimus
1307 960 1478 1014 modo
1491 969 1617 1014 utra
1628 960 1831 1015 harum
1849 979 1934 1015 re

173 1037 176 1040 ’
211 1056 298 1100 cte
312 1045 816 1111 administraretur3
843 1044 1284 1099 moderationem
1299 1046 1434 1099 ve'ro
1458 1047 1731 1122 utraeque
1757 1069 1931 1121 quum

211 1131 446 1203 adeptae
458 1134 642 1197 essent,
656 1128 1048 1190 dominationis
1062 1148 1193 1191 una.
1208 1131 1376 1185 altera
1389 1130 1676 1201 libertatis,
1688 1132 1934 1190 vidimus

211 1227 331 1270 tum
345 1216 609 1288 insignem
623 1216 697 1269 eis
711 1213 1132 1289 prosperitatem
1145 1204 1412 1288 obtigisse,
1438 1204 1510 1271 ad
1524 1207 1803 1272 summam
1825 1240 1932 1276 au-

210 1314 321 1355 tem
334 1322 507 1375 quum
524 1319 634 1356 una
662 1300 1095 1355 dominationem
1112 1294 1460 1380 proceffiffet,
1479 1302 1666 1400 altera
1691 1303 1930 1362 liberta-

208 1397 338 1455 tem,
380 1406 559 1459 neque
584 1387 716 1440 huic
740 1403 925 1456 neque
947 1385 1029 1439 illi
1054 1385 1110 1439 id
1136 1384 1477 1462 profuisse..
1540 1379 1549 1403 ³
1602 1458 1613 1472 ν

344 1514 453 1568 Me.
494 1509 782 1568 Veriffime
812 1511 962 1567 dicis.

348 1640 483 1694 Ath.
525 1640 707 1710 Atque
733 1641 878 1693 hanc
905 1639 1129 1710 quidam
1157 1640 1227 1693 ob
1242 1644 1460 1697 causam
1475 1642 1644 1699 etiam
1657 1631 1929 1697 Doricum

209 1726 571 1800 spectavimus
605 1727 960 1779 constitutum
995 1727 1299 1782 exercitum
1332 1738 1387 1782 et
1410 1729 1658 1803 Dardani
1699 1728 1834 1799 iuga
1873 1739 1929 1781 et

205 1810 606 1867 habitationem
638 1810 779 1864 mari
803 1810 1179 1882 propinquam
1204 1821 1260 1864 et
1274 1811 1484 1883 primos
1505 1815 1764 1890 interitus
1782 1813 1927 1872 illius

209 1898 540 1970 superstiteS,
590 1903 875 1967 praeterea
902 1894 1215 1965 superiores
1238 1907 1378 1964 quas
1399 1896 1701 1952 habuimus
1730 1897 1928 1969 dispu-
1974 1950 1991 1958 ,,

209 1983 441 2035 tationes
471 1981 536 2032 de
566 1977 1114 2033 muficaetebrietate
1138 1990 1192 2033 et
1216 1979 1310 2033 hic
1327 1981 1492 2035 etiam
1511 1981 1722 2054 priores
1733 2003 1751 2050 3
1787 1983 1926 2037 haee

205 2066 354 2119 enim
379 2065 566 2119 omnia
589 2064 790 2117 iccirco
816 2063 956 2115 dicta
980 2066 1106 2118 sunt
1130 2076 1191 2118 ut
1216 2066 1536 2120 videremus
1559 2084 1669 2139 quo
1697 2065 1924 2120 tandem

205 2162 366 2226 pacto
388 2150 573 2203 civitas
598 2149 806 2220 optime
830 2148 1258 2219 gubernaretur.
1273 2161 1327 2204 et
1352 2151 1614 2223 privatim
1641 2141 1922 2221 quomodo
1966 2174 1989 2191 x

203 2236 403 2308 aliquis
431 2235 812 2308 pulcherrime
827 2234 997 2287 vitam
1026 2236 1178 2288 suam
1210 2237 1544 2305 traduceret.
1582 2236 1695 2289 iam
1725 2239 1761 2290 fi
1786 2236 1922 2307 quid

203 2339 403 2394 operae
424 2321 667 2392 pretium
693 2318 941 2379 fecimus,
973 2333 1174 2394 ecquae
1198 2322 1546 2393 reprehensio
1562 2322 1738 2376 eritin
1753 2341 1920 2394 quam

203 2406 349 2461 inter
373 2426 472 2459 nos
493 2405 864 2470 incurramuS,
906 2424 938 2457 o
964 2406 1185 2478 Megille
1211 2416 1265 2460 et
1285 2406 1504 2461 Clinia?

346 2533 425 2588 CI.
463 2534 582 2605 Ego
626 2530 888 2603 aliquam,
927 2531 1141 2604 hospeS,
1179 2533 1319 2586 mihi
1350 2533 1545 2587 videor
1566 2533 1919 2588 animadver-

207 2627 346 2678 terez
398 2618 546 2673 forte
575 2615 802 2671 fortuna
839 2636 872 2670 a
905 2617 1063 2671 nobis
1103 2618 1362 2671 videntur
1403 2618 1540 2673 haee
1563 2619 1751 2673 omnia
1777 2637 1920 2690 quae

208 2703 520 2773 persequuti
545 2705 734 2756 sumus
759 2705 1003 2775 exposita
1027 2706 1162 2769 effe3
1199 2703 1456 2775 equidem
1486 2702 1607 2758 fere
1630 2721 1697 2756 eo
1725 2722 1918 2776 perve-

209 2803 399 2839 neram
428 2796 492 2839 ut
527 2806 718 2843 eorum
742 2788 1045 2859 indigerem
1064 2830 1078 2856 ‚
1119 2799 1173 2842 et
1196 2797 1512 2862 opportune
1534 2799 1600 2843 tu
1625 2786 1823 2843 affuisti
1845 2791 1919 2842 fi-

210 2869 331 2921 mul
353 2877 408 2920 et
430 2869 682 2940 Megillus
705 2872 821 2942 hi03
861 2892 1046 2944 neque
1067 2874 1212 2934 enim
1236 2874 1428 2944 celabo
1458 2893 1556 2927 vos
1591 2874 1742 2947 quod
1765 2892 1917 2927 nunc

210 2951 348 3005 mihi
373 2953 585 3023 accidit,
618 2955 791 3013 immo
813 2960 980 3014 etiam
1006 2979 1111 3032 pro
1137 2960 1326 3015 omine
1348 2961 1402 3015 id
1423 2959 1615 3013 habeo.
1665 2956 1917 3012 maxima

210 3036 360 3089 enim
393 3036 586 3091 Cretae
615 3057 742 3112 pars
778 3044 1050 3101 coloniam
1070 3047 1343 3102 deducere
1369 3045 1589 3114 cogitat,
1628 3050 1681 3095 et
1706 3042 1911 3096 Cnofiis

208 3121 437 3177 mandat
457 3121 599 3185 hanc
625 3126 996 3200 provinciam,
1033 3132 1358 3188 Cnofiorum
1396 3147 1531 3186 vero
1560 3126 1751 3185 civitas
1775 3128 1912 3184 mihi
