2150 3672
731 164 1225 266 LEGESI.
1774 212 1848 270 ω

116 358 402 428 omneque*
420 358 596 428 pecus
612 352 764 425 ‘quod
794 353 1082 427 praefecto
1106 351 1249 406 nulli
1275 349 1588 406 subiectum
1612 354 1701 406 vel
1715 374 1849 426 pra-s·

115 454 216 497 vos
246 437 568 514 praefectos
596 438 807 495 habens
840 438 1042 494 viderit
1072 438 1151 494 ita
1185 436 1597 510 reprehendat,
1646 437 1849 492 huius-

111 525 271 583 modi
296 525 542 581 hominis
565 524 1038 601 vituperationem
1061 535 1202 578 num
1225 522 1570 578 arbitremur
1594 540 1848 596 unquam

115 629 248 667 cum
267 612 431 665 causa
456 612 758 685 quicquam
784 608 1255 682 reprehensuram
1281 613 1387 664 effe
1403 610 1434 662 P
1463 602 1470 612 ’

256 697 370 754 Me.
410 696 531 771 Qui
558 695 906 751 arbitremur
922 695 951 747 ‘4'

255 784 385 839 Aah.
419 785 612 836 Bonus
645 791 838 838 autem
863 778 1175 854 praefectus
1203 783 1274 835 est
1305 781 1466 837 nobis
1490 781 1552 837 in
1579 781 1847 855 navigan·

118 868 191 923 do
228 878 423 923 utrum
448 869 495 923 is
520 869 618 941 qui
643 867 927 923 nauticam
949 874 1172 920 tantum
1197 866 1480 922 scientiam
1503 868 1705 936 habet,
1741 869 1852 924 five

116 954 349 1007 nauseat
373 955 482 1008 five
505 974 621 1008 non
652 955 882 1008 nauseat
897 953 925 1006 ’ἰ
961 971 1034 1006 an
1059 950 1346 1024 quomodo
1369 950 1660 1006 dicemus?

259 1039 369 1094 Me.
409 1041 803 1114 Nequaquam,
860 1041 895 1091 si
923 1047 1150 1112 praeter
1176 1045 1353 1092 artem
1367 1031 1518 1093 ‘illud
1544 1038 1698 1111 quod
1719 1039 1854 1095 dicis

117 1125 333 1180 malum
359 1125 540 1181 habet.

265 1209 395 1266 Am.
443 1209 596 1282 Quid
630 1226 771 1262 vero
803 1207 1120 1279 praefectus
1159 1208 1509 1263 exercituum
1525 1210 1554 1263 ’ἰ
1598 1229 1767 1275 num,
1819 1215 1855 1266 fi

118 1295 420 1351 militarem
450 1304 604 1348 tenet
629 1294 933 1359 scientiam,v
970 1294 1203 1348 idoneus
1225 1294 1294 1348 ad
1316 1294 1736 1368 imperandum,
1766 1307 1858 1351 et-

118 1381 271 1435 iamfi
299 1380 537 1451 ignavus
563 1381 636 1433 est
658 1379 716 1432 in
744 1380 1007 1452 periculis
1041 1389 1095 1435 et
1117 1398 1253 1453 prae
1267 1390 1426 1435 metu
1446 1380 1653 1436 titubat
1673 1392 1844 1454 atque

117 1465 385 1521 nauseat?
470 1499 476 1503 ‚

257 1552 370 1608 Me.
410 1550 532 1624 Qui
555 1554 730 1626 potest
755 1553 811 1607 id
845 1552 1008 1607 fieri?

251 1638 390 1705 Am.
428 1637 529 1693 Sin
546 1652 736 1692 autem
767 1658 951 1710 neque
976 1647 1155 1692 artem
1184 1648 1343 1691 tenet
1368 1649 1422 1691 et
1443 1638 1677 1709 ignavus
1699 1642 1773 1693 est
1790 1642 1818 1693 ’ἒ

258 1726 371 1779 Me.
433 1723 687 1777 Omnino
734 1744 972 1797 pravum
1025 1725 1161 1779 dicis
1219 1723 1554 1794 neutiquam
1595 1725 1855 1781 virorum

52 1818 59 1825 ·
121 1805 467 1880 praefectum
494 1806 586 1860 sed
617 1809 924 1864 admodum
949 1811 1258 1865 mulierum
1286 1809 1660 1880 quarundam.

263 1890 393 1947 Ath.
434 1892 589 1965 Quid
618 1914 753 1948 vero
779 1895 1129 1949 laudatorem
1153 1905 1252 1948 aut
1287 1895 1733 1968 vituperatorem
1767 1900 1858 1952 so-

123 1978 336 2032 cietatis
362 1977 794 2050 cuiuscumque,
834 1999 978 2051 quae
998 1998 1101 2051 per
1123 1981 1177 2032 se
1200 1980 1617 2034 moderatorem
1645 1980 1858 2036 habere

36 2104 40 2107 ,
123 2064 290 2118 debet
314 2073 370 2116 et
386 2062 502 2115 eius
532 2063 804 2116 beneficio
820 2065 1064 2118 multum
1080 2064 1316 2135 praebet
1337 2062 1608 2131 utilitatis,
1630 2066 1667 2118 fi
1682 2085 1858 2120 num-

123 2168 294 2221 quam
321 2167 447 2202 eam
479 2148 685 2203 viderit
710 2149 1076 2203 moderatoris
1104 2167 1276 2221 opera
1299 2157 1450 2202 recte
1464 2150 1652 2203 secum
1679 2151 1859 2223 ipsam

124 2236 459 2300 versantem,
492 2234 577 2287 sed
595 2234 1175 2307 sempermoderatore
1202 2243 1490 2287 carentem
1520 2235 1611 2288 vel
1637 2234 1860 2308 impro-

31 2359 33 2362 -
123 2321 207 2375 bis
234 2319 681 2376 moderatoribus
707 2327 989 2383 utentem,
1026 2336 1163 2371 num
1190 2318 1315 2373 istos
1342 2319 1674 2374 societatum
1707 2322 1861 2376 eius-

123 2406 278 2461 modi
303 2406 636 2479 spectatores
660 2414 814 2459 recte
842 2404 1146 2476 quicquam
1179 2413 1279 2458 aut
1315 2404 1740 2478 vituperaturos
1762 2419 1861 2463 aut

125 2493 448 2550 laudaturos
473 2496 576 2547 esse
604 2508 874 2563 umquam
905 2489 1234 2543 censemus?

265 2579 376 2635 Me.
415 2577 533 2651 Qui
560 2586 848 2650 poterunt,
887 2594 1016 2628 cum
1044 2591 1357 2644 numquam
1389 2592 1575 2645 neque
1612 2575 1862 2634 viderint

129 2683 309 2737 neque
345 2663 708 2720 interfuerint
747 2662 1009 2733 cuiquam
1038 2658 1360 2714 huiusmodi
1386 2663 1857 2725 communitatum

130 2762 278 2811 tecte
304 2750 615 2805 institutae?

195 2904 198 2906 ,
275 2837 404 2891 Ath.
450 2837 565 2908 Age
601 2836 766 2888 dum:
815 2834 1203 2888 multarumne
1243 2830 1712 2889 'communitatum
1749 2856 1862 2909 po-

133 2938 332 2975 nemus
352 2940 524 2977 unam
544 2920 760 2975 efficere
776 2920 1089 2974 societatem
1103 2928 1459 2992 compotores
1473 2927 1529 2972 et
1551 2922 1816 2975 convivia
1829 2921 1858 2972 ‘3

278 3005 386 3059 Me.
426 3005 573 3061 Sane
597 3007 843 3078 quidem.

280 3090 407 3144 ΑιῘι.
446 3091 604 3145 Hanc
619 3093 786 3163 igitur
811 3111 947 3148 num
970 3102 1120 3147 recte
1134 3101 1414 3165 peractam
1432 3090 1541 3143 iam
1558 3089 1861 3161 quisquam

137 3175 437 3247 aliquando
466 3174 644 3229 vidit?
684 3187 740 3230 et
767 3197 865 3231 vos
901 3179 1126 3249 quidem
1150 3177 1308 3231 facilc
1343 3174 1672 3250 respondere
1700 3186 1863 3249 potc-

140 3262 239 3327 stis‚
287 3261 514 3315 omnino
552 3278 885 3332 numquam3
925 3282 1106 3335 neque
1136 3263 1286 3320 enim
1318 3262 1678 3317 dome-sticum
1710 3262 1864 3318 vobis
