2176 3672
820 180 868 234 L
906 177 952 232 Ε
992 178 1040 231 G
1076 178 1202 242 Eass
1272 180 1341 234 11.
1847 181 1947 238 135

358 319 492 375 Ath.
547 318 895 374 Faciundum
939 337 1111 380 verog
1157 338 1340 389 neque
1378 320 1526 374 enim
1567 323 1693 372 sane
1728 321 1945 376 difficile

219 407 293 459 est
313 406 499 458 dicere
532 404 694 457 vobis
722 406 990 458 ambob'us
1020 413 1184 466 nota3
1224 425 1352 458 nam
1386 406 1563 463 multo
1597 405 1771 477 magis
1798 407 1942 462 hanc

217 499 390 543 artem
417 508 584 560 quam
611 489 762 543 inam
787 492 888 542 usu
910 489 1186 561 cognitam
1211 489 1440 545 habetis,
1634 485 1637 489 .

358 617 443 672 CI.
485 618 633 673 Vera
655 618 785 671 sane
812 616 961 671 dicis.

349 745 488 804 Aeli.
526 747 710 816 ltaque
749 746 914 800 huius
954 747 1182 816 quidem
1213 746 1330 800 ludi
1354 746 1508 817 origo
1538 747 1841 817 repetenda
1864 749 1939 801 est
1998 781 2002 787 ·

210 852 242 885 a
271 832 512 884 naturali
539 832 810 900 cuiusque
835 832 1129 885 animantis
1153 832 1550 885 cousuetudine
1575 831 1820 899 saliendi,
1836 830 1935 884 ho·

207 934 304 969 mo
321 926 605 983 autem‚ut
635 917 897 983 diximuS,
911 917 1121 969 sensum
1150 926 1342 970 nactus
1365 917 1588 968 numeri
1615 914 1936 988 procreavit

207 1002 558 1056 saltationem
587 1011 752 1070 atque
792 1001 1040 1074 peperit,
1079 1009 1302 1053 cantum
1336 1018 1469 1052 vern
1506 1018 1682 1068 quum
1723 1019 1930 1055 nume-

206 1106 306 1141 rus
340 1085 840 1140 commonefeciffet
874 1095 926 1137 et
955 1084 1247 1152 excitasset,
1290 1085 1349 1140 hi
1375 1085 1522 1139 inter
1548 1087 1604 1138 se
1632 1084 1927 1139 consociati

205 1173 466 1226 choream
494 1181 548 1224 et
579 1170 775 1224 ludum
802 1181 1161 1244 pepererunt.

346 1283 426 1337 Cl.
462 1283 766 1339 Verisfime.

342 1397 478 1454 All».
511 1397 586 1456 Et
627 1415 806 1450 unum
843 1400 1096 1467 quidem,
1134 1399 1404 1458 dicimu3‚
1458 1400 1564 1451 iam
1607 1399 1927 1470 persequuti

199 1487 407 1544 sumna,
444 1484 682 1536 alterum
708 1501 843 1535 vero
869 1484 1129 1556 deinceps
1163 1485 1493 1538 conabimur
1516 1484 1786 1556 persequi.

341 1595 423 1649 Cl.
442 1572 607 1651 ‘Sane
627 1596 868 1668 quidem.

341 1712 475 1768 ΑΙῘι.
525 1710 824 1764 Ebrietatis
863 1710 1034 1778 igitur
1075 1710 1194 1762 usui
1222 1711 1467 1780 primum
1508 1710 1678 1763 finem
1719 1711 1920 1763 consti—

199 1808 436 1864 tuamuS,
475 1798 511 1848 fi
535 1794 687 1848 vobis
716 1811 939 1865 quoque
970 1795 1246 1847 videatur.

338 1908 421 1961 Cl.
463 1907 708 1980 Qualem
738 1917 792 1960 et
816 1925 979 1977 quem
1005 1906 1230 1961 tandem
1258 1907 1434 1960 dicis?

333 2022 471 2081 Aah.
526 2020 584 2075 Si
619 2039 761 2092 quae
802 2018 886 2073 civ
901 2020 1000 2072 itas
1032 2020 1279 2075 instituto
1318 2041 1468 2075 nunc
1499 2021 1647 2073 dicto
1684 2029 1746 2071 ut
1772 2016 1914 2071 serio

195 2108 391 2172 utitur,
420 2108 750 2177 ficutlegum
770 2105 1048 2158 etordinis
1070 2107 1211 2159 ratio
1234 2109 1486 2179 postulat,
1509 2103 1915 2175 temperantiae

192 2194 352 2246 causa
375 2193 519 2244 hanc
542 2193 689 2260 quast
714 2189 1170 2245 exercitationem
1197 2191 1480 2255 adhibens,
1498 2207 1601 2242 nec
1626 2207 1659 2240 a
1681 2185 1912 2257 reliquis

190 2275 574 2349 voluptatibus
603 2276 657 2327 se
677 2273 971 2328 abstinebit
995 2273 1186 2326 eodem
1216 2276 1382 2329 modo
1417 2285 1471 2327 et
1495 2273 1690 2327 eadem
1715 2290 1787 2324 ex
1813 2281 1912 2324 Γεί-

189 2363 369 2428 tione,
406 2360 462 2413 id
496 2379 662 2430 agens
685 2369 747 2412 ut
771 2379 863 2412 eas
888 2361 1137 2431 superet,
1173 2360 1281 2413 hoc
1307 2362 1434 2414 sane
1455 2359 1622 2413 modo
1647 2356 1908 2410 omnibus

189 2448 278 2501 his
310 2445 618 2511 utendum3
655 2445 731 2498 sm
760 2454 944 2498 autem
970 2455 1030 2496 ut
1062 2464 1124 2498 re
1146 2445 1362 2498 ludicra
1376 2455 1430 2499 et
1454 2443 1682 2498 cuilibet
1712 2441 1907 2494 volen-

188 2533 232 2586 ti
259 2531 710 2600 licebit,quando
738 2541 792 2583 et
818 2530 1152 2600 quibuscum
1182 2530 1443 2595 voluerit,
1464 2530 1668 2597 bibere,
1691 2527 1905 2580 institu-

191 2616 260 2670 tis
282 2617 399 2669 aliis
423 2615 868 2688 quibuscumque
901 2617 1205 2675 adiunctis,
1243 2636 1356 2668 non
1379 2633 1478 2684 ego
1513 2615 1656 2669 hanc
1680 2615 1902 2666 senten-

189 2701 324 2755 tiam
342 2700 515 2753 feram
546 2713 607 2755 ut
639 2721 905 2773 umquam
934 2702 1103 2755 licere
1130 2703 1378 2755 censeam
1407 2701 1539 2754 huic
1570 2699 1781 2754 civitati
1810 2699 1902 2751 vel

193 2784 327 2837 huic
359 2785 484 2836 viro
528 2785 780 2838 ebrietati
813 2787 1135 2856 indulgere,
1186 2787 1273 2839 sed
1312 2786 1474 2839 etiam
1517 2786 1690 2855 magis
1734 2803 1899 2855 quam

194 2868 423 2921 Cretum
454 2877 509 2921 et
528 2869 1098 2926 Lacedaemoniorum
1122 2875 1283 2927 usum
1311 2870 1566 2942 suffragio
1594 2890 1716 2923 mco
1743 2886 1900 2922 com-

193 2950 491 3024 pyobaoexu
538 2952 1069 3024 Carthaginiensium
1110 2957 1288 3028 legem
1316 2997 1329 3021 ‚
1378 2975 1517 3025 quae
1554 2962 1690 3008 haec
1724 2955 1795 3005 est
1835 2962 1899 3005 ut

194 3054 498 3107 numquam
514 3035 709 3105 aliquis
733 3040 788 3091 in
813 3041 1153 3094 castrishunc
1178 3053 1371 3112 potum
1389 3045 1572 3112 gustet,
1593 3039 1677 3090 sed
1694 3056 1898 3107 aquam

191 3123 345 3174 bibat
371 3131 548 3172 totum
573 3119 677 3173 hoc
695 3131 943 3193 tempus,
980 3135 1035 3177 et
1056 3126 1115 3178 in
1142 3125 1280 3179 urbe
1302 3143 1481 3192 neque
1510 3127 1694 3177 servus
1721 3141 1897 3193 neque

191 3211 348 3259 svn-va
380 3221 645 3271 umquam
683 3223 810 3258 eum
835 3211 1023 3273 gustet,
1060 3229 1241 3290 negue
1267 3210 1608 3279 magistratus
1633 3229 1760 3264 eum
1791 3229 1895 3259 au-

190 3311 326 3348 num
355 3308 522 3359 quem
561 3290 874 3362 potestatem
912 3303 1122 3362 gerant,
1161 3313 1342 3366 neque
1366 3297 1530 3350 etiam
1557 3295 1898 3367 gubernato-
